2757 3701
1362 240 1392 285 4

333 435 422 464 στος
446 416 518 473 μέν
546 416 644 460 ἔστιν
668 417 685 459 ὁ
724 413 760 458 ἐν
789 411 958 473 πολέμῳ
989 409 1159 471 ἷσχυρὸς,
1188 413 1537 472 &portavi-rapu
1567 412 1610 459 δὲ
1637 412 1710 462 καὶ
1733 410 1962 461 ἐπὶ-κοντος
1985 414 2057 457 τοῦ
2079 416 2348 471 προσήκοντος·
2374 417 2420 477 τῇ

331 491 426 548 γοῦν
452 485 679 547 κυριολογῖοξ.
707 491 905 547 μοιρτυρεῒ
922 487 968 532 vi
993 483 1223 544 παρώνυμον
1248 485 1442 545 alpina&-
1461 508 1476 515 ··
1502 486 1705 533 Ceterum
1744 502 1991 546 quamquam
2027 494 2191 533 veteres
2221 494 2420 548 gramma-

332 566 401 604 tici
436 562 716 618 rhetoresque
756 562 826 604 alii
862 562 941 604 alia
977 563 1139 602 ratione
1174 561 1411 602 universam
1439 563 1512 603 :rei
1526 564 1624 604 :vim
1658 561 1898 605 definiendo
1930 559 2228 617 explicuerunt,
2266 562 2419 620 quibus

330 635 389 677 illi
427 634 588 678 artibus
626 637 670 677 in
707 634 928 691 aperienda
965 635 1027 676 rei
1060 631 1279 676 involutae
1306 634 1459 676 notitia
1484 637 1551 677 usi
1579 635 1743 687 fuerim,
1773 635 1864 677 fuse
1892 632 2063 690 lateque
2091 638 2291 690 persequi
2320 636 2419 678 alie-

332 722 431 752 num
465 715 528 751 est
555 707 613 750 ab
644 708 727 750 hoc
754 707 865 749 loco.
1346 726 1349 729 -

533 782 618 821 Iam
649 793 750 821 vero
788 792 919 835 genus
959 779 1201 821 universum
1238 781 1284 822 in
1322 786 1456 823 certas
1493 780 1694 837 quasdam
1724 782 1811 823 sive
1840 779 1997 823 formas
2027 771 2116 823 sive
2143 788 2285 838 partes
2316 781 2419 825 divi-

333 870 422 896 sum
455 861 533 903 est;
568 855 674 894 inter
711 865 816 907 quas
852 851 1086 893 rhetoricae
1125 853 1224 894 artis
1263 854 1492 909 scriptores
1528 852 1836 911 propemodum
1867 850 2018 894 omnes
2040 854 2177 909 primo
2208 854 2308 898 loco
2325 869 2418 911 -po-

335 935 505 970 suerunt
532 922 832 981 μεταφοροίν,
861 939 987 979 quam
1010 925 1147 966 Latini
1176 923 1370 967 dixerunt
1400 926 1800 969 translationem
1830 927 1918 967 sive
1948 923 2050 979 (vid.
2069 925 2223 982 Meyer
2254 925 2308 967 ad
2328 925 2418 969 Cic.

335 1000 449 1042 Orat.
479 1000 607 1055 p.52)
636 996 980 1041 tralationem.
1042 997 1177 1042 Cuius
1214 997 1414 1041 vocabuli
1451 1001 1696 1042 sententiam
1729 1000 1787 1042 ita
1824 997 2137 1057 descripserunt
2173 997 2245 1052 illi,
2283 1005 2330 1041 ut
2366 997 2419 1041 de

334 1086 489 1114 summa
523 1074 585 1113 rei
622 1074 721 1114 satis
759 1074 1053 1124 consentirent,
1090 1071 1144 1114 de
1182 1072 1352 1129 singulis
1390 1072 1581 1129 partibus
1610 1074 1718 1115 inter
1748 1086 1794 1115 se
1824 1071 2110 1129 discreparent
2138 1071 2209 1114 vel
2235 1073 2418 1114 maxime.

335 1146 433 1189 Non
454 1148 625 1188 omnino
645 1146 750 1187 haec
771 1145 924 1188 cadunt
943 1148 987 1187 in
1006 1147 1222 1201 graecos
1243 1148 1489 1201 scriptores:
1518 1160 1599 1188 nec
1618 1148 1776 1187 mirum.
1835 1146 1946 1187 Nam
1963 1145 2006 1197 hi
2024 1159 2165 1201 neque
2183 1145 2338 1187 habent
2357 1148 2420 1187 iu—

335 1226 438 1261 stam
468 1221 684 1262 vetustatis
717 1217 1116 1263 commendationem
1153 1226 1195 1262 et
1233 1233 1284 1262 ex
1322 1219 1473 1263 eodem
1501 1219 1591 1262 fere
1622 1232 1760 1275 eoque
1789 1220 1889 1262 satis
1918 1220 2035 1261 tenui
2071 1218 2209 1271 rivulo
2240 1232 2318 1261 sua
2348 1217 2420 1261 de-

332 1293 490 1334 rivasse
527 1291 722 1335 videntur
759 1294 907 1335 omnia.
969 1292 1173 1336 Ordinem
1209 1291 1336 1335 ducat
1369 1293 1547 1349 Trypho
1583 1291 1654 1335 ille
1692 1291 1918 1334 walzianus
1954 1291 2076 1334 Rhet.
2113 1306 2171 1349 gr.
2201 1291 2420 1343 VoLVllI,

333 1380 373 1420 p.
386 1365 484 1417 729,
510 1367 580 1407 10:
618 1363 892 1423 μετοιφοροί
929 1364 1008 1409 ἐστι
1044 1363 1156 1423 λέξις
1185 1365 1486 1422 μετωφερομένη
1518 1362 1601 1407 εἰπὲ
1625 1363 1696 1405 τοῦ
1718 1361 1849 1418 κυρίου
1874 1361 1937 1407 ἐπὶ
1962 1361 2007 1408 vo*
2032 1363 2095 1420 μοὶ
2124 1363 2250 1422 κόριον
2277 1361 2420 1421 ε’μφαῖ·

329 1453 423 1480 ο-εως
450 1432 475 1482 ἢ
502 1435 720 1489 ὁμοιώσεως
742 1435 865 1480 ἕνεκα..
924 1437 1135 1477 Succedat
1165 1450 1288 1490 quem
1314 1434 1512 1477 Walzius
1540 1437 1698 1491 primus
1730 1434 1870 1487 edidit,
1900 1438 2083 1492 scriptor
2111 1434 2194 1492 περὶ
2220 1435 2420 1484 ποιητικὸν

329 1504 471 1563 τρόπων
509 1521 758 1562 anonymus,
796 1508 962 1548 minime
998 1506 1069 1548 ille
1099 1506 1443 1556 contemnendus,
1482 1506 1602 1547 Rhet.
1632 1522 1690 1560 gr.
1719 1507 1941 1556 Voanl,
1970 1509 2125 1560 p.715‚
2149 1511 2222 1547 12:
2262 1526 2419 1561 μετα.-

329 1578 462 1638 φοραῖ
495 1577 541 1622 δέ
572 1578 652 1621 ἐστι
686 1575 800 1634 μέρος
831 1573 956 1633 λέγου
994 1573 1074 1620 dm}
1109 1577 1178 1619 τοῦ
1212 1574 1348 1632 κυρίως
1381 1574 1598 1633 λεγομένου
1624 1574 1944 1637 μεταφερόμενον
1969 1576 2032 1634 ἐφ’
2062 1574 2181 1634 ἕτερον
2206 1575 2421 1632 ὁμοιώσεως

329 1646 352 1700 ἦ
382 1647 602 1709 ἐμφάσεως
621 1648 747 1694 ἕνεκα..
785 1650 911 1691 Hunc
932 1648 984 1691 ad
1003 1647 1180 1699 verbum
1200 1663 1335 1705 paene
1356 1650 1554 1706 expressit
1576 1647 1845 1692 Cocondrius
1867 1663 1931 1706 ap.
1952 1649 2097 1692 Walz.
2117 1649 2420 1703 1.c.Vol.Vlll‚

330 1723 481 1780 p.784,
504 1725 578 1765 23:
616 1718 886 1780 μετοιφοροῦ
907 1722 987 1765 ἐστι
1016 1720 1130 1778 με’ρος
1157 1721 1281 1776 λόγου
1310 1719 1393 1764 ciro*
1421 1722 1492 1763 τοῦ
1514 1721 1650 1777 κυρίως
1675 1720 1891 1777 λεγομένου
1917 1720 2237 1780 μετωφερόμενον
2264 1722 2314 1771 εἷς
2340 1721 2419 1767 ἕτε-

329 1815 390 1853 ρον
419 1793 634 1853 ὁμοιώσεως
664 1790 688 1844 ἦ
720 1791 940 1852 ἐμφοίσεως
975 1792 1099 1837 ἕνεκα..
1160 1794 1391 1848 Utramque
1428 1791 1750 1848 descriptionem
1787 1795 2000 1836 coniunxit
2029 1793 2133 1837 alter
2163 1794 2245 1853 περὶ
2273 1795 2418 1854 τρόπων

331 1883 566 1925 anonymus
586 1868 749 1911 Walzii
768 1868 842 1911 Le.
863 1867 1017 1925 p.780,
1042 1868 1114 1910 13:
1146 1883 1277 1923 μετα.
1288 1871 1349 1922 φο
1358 1860 1420 1922 ροί
1441 1863 1521 1907 ἐστι
1549 1862 1663 1922 λέξις
1682 1861 1763 1909 eim}
1787 1864 1857 1909 τοῦ
1885 1864 2017 1923 κυρίως
2046 1867 2324 1924 ὠνομασμένον
2353 1869 2414 1927 ἐφ’

332 1940 451 1999 ἕτερον
475 1940 748 1997 ὠνομασμένον
774 1940 877 1994 (vid.
892 1953 990 1982 mox
1006 1954 1047 1996 p.
1062 1940 1099 1981 5.
1109 1939 1167 1994 6.)
1186 1935 1469 1995 μετηνεγμέιη·
1492 1934 1573 1982 alm>
1592 1938 1661 1981 τοῦ
1685 1936 1813 1996 κυρίου
1837 1935 1899 1983 ἐπὶ
1919 1936 1963 1984 τδ
1986 1938 2046 1995 μὴ
2066 1938 2204 1999 κύριον,
2232 1934 2418 1999 ἦζὸμοιώ-

334 2032 430 2062 σεως
453 2008 476 2062 ἦ
502 2011 721 2072 ε’μφοίσεως
745 2011 868 2066 ἕνεκα,
905 2013 980 2056 ubi
1011 2027 1138 2069 quum
1167 2011 1306 2053 hiulca
1336 2010 1542 2054 eiusmodi
1572 2013 1707 2054 oratio
1737 2026 1792 2055 ne
1822 2012 1937 2070 apud
1965 2012 2090 2056 talem
2120 2014 2288 2072 quidem
2318 2018 2418 2059 scri-

334 2096 498 2144 ptorem
533 2087 705 2130 ferenda
742 2102 834 2130 esse
867 2087 1067 2137 videatur,
1106 2092 1177 2126 aut
1212 2084 1343 2126 verba
1381 2081 1464 2128 αἱπδ
1494 2085 1563 2127 τοῦ
1598 2083 1728 2140 κυρίου
1765 2083 1826 2129 ἐπὶ
1858 2083 1904 2129 τὲ
1932 2084 1993 2143 μὴ
2019 2084 2145 2145 κόριον
2175 2087 2229 2131 ab
2259 2088 2418 2133 lectore

331 2161 436 2204 male
469 2160 619 2204 sedulo
651 2162 843 2216 apposita
882 2157 1089 2203 censenda
1119 2166 1216 2201 sunt
1247 2165 1318 2201 aut
1353 2160 1470 2213 prius
1500 2158 1606 2201 illud
1635 2152 1659 2208 ἦ
1687 2160 2053 2215 transponendum.
2114 2163 2214 2205 Non
2243 2164 2418 2206 multum
2468 2174 2473 2178 ’

332 2234 383 2277 ab
413 2234 496 2277 hoc
524 2233 731 2291 discrepat
762 2233 972 2291 Georgius
1004 2231 1339 2276 Choeroboscus
1375 2228 1457 2289 περὶ
1483 2229 1629 2289 τρόπων
1661 2246 1725 2287 ap.
1751 2231 1895 2275 Walz.
1925 2233 1952 2276 l.
1974 2249 2009 2276 c.
2039 2249 2081 2291 p.
2096 2234 2194 2287 804,
2220 2238 2293 2278 10:
2331 2255 2418 2292 με·

330 2304 530 2364 τοιφοραῖ
557 2307 636 2350 ἐστι
663 2305 771 2365 λέξις
795 2307 878 2365 ἀφ’
914 2305 1039 2363 ἑτέρου
1068 2305 1116 2350 εἰς
1144 2302 1264 2363 ἕτερον
1292 2302 1592 2361 μεταφερομένη
1629 2298 1653 2352 ἦ
1684 2302 1767 2348 dre?
1794 2305 1864 2348 τοῦ
1889 2303 2023 2364 κυρίως
2046 2306 2263 2365 λεγομένου
2290 2325 2419 2365 μετα.-

332 2378 521 2437 φερομενη
549 2379 761 2435 ὄμοιωο-εως
785 2400 808 2430 η
841 2377 1061 2437 ἐμφάσεως
1088 2397 1211 2421 ενεκοι.
1270 2379 1535 2421 paucissimis
1572 2392 1660 2420 rem
1697 2378 1879 2421 absolvit
1909 2379 2141 2436 Gregorius
2173 2380 2416 2424 Corinthius

330 2467 394 2509 ap.
431 2452 553 2495 eund.
590 2452 617 2495 l.
648 2469 681 2496 c.
718 2469 758 2509 p.
772 2454 871 2504 765,
902 2455 948 2495 8:
990 2449 1260 2509 μεταφοραί
1293 2451 1374 2495 εὀ-τι
1414 2444 1540 2507 λογου
1576 2450 1690 2507 μέρος
1729 2450 2074 2509 μεταφερόμενον
2085 2470 2165 2502 moe
2199 2453 2416 2511 ε’μφοίπως

330 2520 353 2573 ἢ
388 2524 603 2581 ὁμοιώσεως
637 2523 762 2571 ἕνεκα..
822 2525 973 2583 Itaque
1010 2526 1118 2567 inter
1149 2524 1384 2568 Graecos
1421 2523 1519 2566 illos
1551 2526 1757 2578 convenit,
1794 2525 2062 2582 metaphorae
2091 2526 2414 2584 appellationem

335 2597 480 2640 cadere
523 2602 566 2641 in
605 2599 814 2642 vocabula
861 2614 922 2652 ea,
974 2612 1083 2655 quae
1128 2613 1258 2654 quum
1294 2600 1338 2640 in
1381 2611 1458 2640 sua
1508 2612 1701 2654 quaeque
1739 2612 1785 2641 re
1825 2601 2000 2655 propria
2035 2601 2129 2652 sint,
2176 2603 2220 2642 in
2261 2601 2414 2642 alienas

333 2671 625 2714 transferantur
660 2675 746 2716 sive
784 2680 961 2731 propter
997 2671 1305 2715 similitudinem
1345 2674 1434 2714 sive
1472 2685 1601 2727 quum
1643 2671 1742 2729 plus
1780 2672 2015 2729 significent
2050 2672 2123 2716 illa
2162 2686 2287 2728 quam
2326 2673 2414 2716 elo-

332 2751 527 2800 quuntur,
557 2748 858 2802 perspicuitatis
889 2736 1115 2789 ornatusve
1147 2744 1325 2803 augendi
1357 2759 1496 2787 causa.
2190 2805 2193 2807 Ι

532 2819 832 2862 Latinorum
871 2819 925 2862 de
962 2820 1039 2862 hac
1076 2835 1122 2862 re
1157 2818 1476 2877 disputationeS,
1514 2833 1688 2875 quarum
1716 2826 1913 2863 auctores
1944 2827 1986 2861 et
2017 2820 2217 2862 certiores
2248 2828 2344 2863 sunt
2373 2829 2415 2864 et

331 2891 642 2946 locupletiores,
673 2893 802 2949 paulo
832 2894 991 2934 maiore
1020 2896 1217 2936 varietate
1249 2893 1468 2936 distinctae
1499 2900 1606 2935 sunt.
1667 2893 1799 2949 Quod
1830 2907 2035 2935 summum
2061 2899 2135 2945 est,
2165 2892 2263 2936 licet
2291 2897 2415 2937 nimia

333 2972 462 3022 atque
500 2965 594 3007 exili
622 2980 724 3008 usus
755 2964 1015 3022 simplicitate
1048 2967 1359 3022 comprehendit
1386 2966 1446 3009 M.
1479 2964 1683 3010 Claudius
1713 2964 1934 3018 Sacerdos,
1973 2964 2026 3008 ab
2055 2965 2341 3011 Eichenfeldio
2373 2974 2415 3010 et

326 3037 584 3081 Endlichero
601 3038 810 3081 Analectis
839 3039 1108 3094 grammaticis
1129 3040 1413 3084 vindobonae
1448 3040 1561 3082 1836
1592 3038 1740 3092 editus,
1771 3041 1918 3084 artium
1947 3042 2300 3096 grammaticarum
2329 3042 2356 3084 1.
2378 3045 2413 3091 1,

328 3112 363 3168 ἓ.
379 3112 475 3160 173.
506 3128 548 3169 p.
564 3110 639 3155 43:
669 3109 985 3170 metaphora
1009 3121 1073 3153 est
1097 3114 1235 3154 oratio
1259 3129 1288 3154 a
1303 3116 1486 3173 propria
1507 3111 1820 3171 significatione
1840 3111 1905 3155 ad
1922 3128 2012 3156 non
2022 3116 2249 3173 propriam
2266 3124 2414 3168 tran-5·-

329 3183 435 3225 lata.
499 3185 665 3228 Contra
696 3185 912 3243 copiosam
939 3196 1021 3225 nec
1049 3186 1147 3226 satis
1177 3190 1314 3228 tamen
1343 3200 1390 3229 ex
1416 3187 1532 3231 omni
1560 3192 1680 3245 parte
1709 3184 1875 3244 plenam
1901 3188 1966 3231 rei
1996 3185 2283 3231 definitionem
2311 3197 2412 3241 pro-
