2757 3701
1353 266 1418 314 49

342 448 503 501 impetu
529 443 731 499 feruntur,
758 445 826 488 ita
846 445 922 501 qui
936 441 1230 488 Alexandrum
1259 440 1405 491 orbem
1433 443 1617 487 victoriis
1646 450 1933 502 peragrantem
1956 447 2127 502 sequuti
2146 451 2256 500 sunt,
2286 448 2332 489 in
2351 461 2425 490 va-

341 531 425 577 riq
454 515 577 561 illins.
590 524 753 576 partes.
762 505 928 569 diii-sui
955 516 1093 574 quasi
1106 529 1176 559 ae·
1185 513 1380 574 dissipati
1417 530 1530 561 esse
1547 515 1755 561 dicuntur.
1810 514 2027 573 Quocirca
2054 532 2109 562 ne
2127 518 2234 563 illud
2253 517 2426 578 quidem

343 589 565 642 andaciae.
581 592 716 650 argui:
737 575 909 648 podest,
937 587 1074 648 quod
1094 587 1162 634 ad
1190 588 1377 634 homines
1416 590 1658 634 translatum
1698 597 1764 633 est
1802 588 1997 635 verbum:
2043 592 2273 649 exmplum
2308 590 2425 635 haud

340 665 528 708 mnino
539 661 750 711 abnnffl
775 657 1002 727 οείέαριὲἰ.
1010 661 1115 707 Βία.
1137 677 1237 720 pro
1232 663 1354 706 Sest.
1376 661 1447 717 45,
1469 663 1545 711 97.
1585 679 1828 707 numerus
1862 662 2019 707 huius
2043 665 2258 723 generis
2292 667 2423 722 (opti-

339 739 546 792 manaim}
554 734 659 779 late
673 743 730 777 et
742 734 893 781 vane
900 733 1149 793 diffusus
1157 745 1248 778 ·-est.
1393 741 1397 746 '

540 807 580 865 §.
596 808 634 851 5.
676 804 876 854 Deinde·-
898 822 956 853 ex
977 809 1034 854 'ns'
1038 807 1291 860 vocabulis,
1329 822 1437 866 quae
1465 774 1638 867 propria
1669 815 1767 853 sunt
1802 809 1857 853 de
1893 823 2002 862 aere,
2040 822 2170 852 unum
2209 808 2293 852 hoc
2322 808 2423 852 loco

332 846 744 925 commemorandum
773 886 848 934 est,
879 881 1451 939 quosaepeufiturCicero,
1481 881 1684 938 inflare
1704 896 1769 939 ap.
1788 882 1840 925 C.
1865 884 1930 935 10,
1951 883 2021 934 38,
2046 882 2118 924 14:
2149 881 2273 925 titulo
2300 896 2425 941 spar-

340 961 468 996 tanae
486 955 718 1001 materiae·
739 952 1032 1008 inflatum&
1075 954 1197 998 Vide·
1217 954 1348 999 Caes:
1368 955 1411 998 h.
1432 957 1539 1006 αὖ,
1575 957 1669 1006 108,
1700 959 1746 996 2:
1777 957 1888 1013 regis
1919 955 2170 1010 inflatum
2197 952 2424 1014 pollicita-

338 1024 536 1084 tionibus,
572 1026 1001 1084 et·2hg..8,{*.210‚24x
1042 1029 1355 1072 Gemanorum
1394 1026 1801 1073 advenatzbarbari
1838 1026 2200 1083 inflabantur.
2264 1028 2303 1071 A
2331 1040 2421 1085 quo

337 1112 430 1141 non
451 1097 879 1153 ¹‹liiiimhgendin:quae
905 1106 1010 1143 sunt·
1031 1101 1157 1157 apud,
1175 1100 1356 1160 eundem
1382 1100 1501 1143 b.'c.'
1523 1103 1564 1153 2,
1598 1101 1664 1152 17,
1694 1102 1742 1142 3:
1779 1099 1907 1142 latius
1935 1109 1981 1142 et
2007 1099 2261 1155 inflatius
2290 1099 2424 1155 Afin-

336 1170 433 1212 nius
458 1165 787 1228 perscribebat-n
811 1165 853 1220 3,
882 1169 964 1221 79,
983 1170 1031 1213 4:
1062 1171 1188 1215 latius
1209 1172 1555 1231 inflatiusque
1578 1172 1726 1221 multo,
1760 1187 1893 1230 quam
1917 1186 1985 1214 ms
2006 1182 2102 1214 erat
2127 1181 2268 1228 gesta,
2286 1170 2424 1225 santa

332 1240 702 1301 pertraham-at..
721 1245 761 1294 2,
785 1242 861 1295 39,
878 1240 951 1285 ,4ε»
971 1240 1078 1285 baec
1107 1241 1166 1298 ab
1196 1245 1313 1302 ipsis
1330 1242 1586 1298 inflatius
1611 1242 2075 1286 commemorabantur.
2123 1240 2290 1285 Deinde
2319 1243 2424 1286 Hirt.

338 1313 400 1359 de
420 1314 463 1358 h.
482 1314 583 1358 alex.
613 1315 701 1367 65,-
698 1316 761 1358 .3·
797 1313 984 1359 secundo
1016 1314 1186 1374 proelio
1224 1313 1508 1359 vehementer
1540 1314 1789 1371 inflatus.
1851 1317 1941 1359 Liv.
1973 1317 2013 1369 6,
2045 1317 2115 1368 23,
2146 1316 2193 1359 3.
2231 1314 2425 1359 multitu-

336 1385 449 1430 dinis
476 1403 541 1430 ex
566 1388 865 1433 incertissimo
884 1389 1090 1431 sumentis
1124 1388 1299 1430 animos
1322 1403 1407 1446 spe
1437 1385 1681 1441 inflatus.
1748 1387 1816 1438 24,
1849 1389 1887 1438 6,
1919 1392 1967 1430 8.
2006 1387 2235 1442 inflatus
2269 1404 2422 1430 assen-

334 1458 568 1502 tationibus
596 1469 760 1503 eorum
823 1459 893 1512 24,
925 1461 993 1513 22,
1026 1462 1073 1503 8:
1113 1459 1325 1501 Hieronis
1331 1456 1454 1517 filia,
1475 1456 1693 1512 inflata
1720 1455 1861 1501 adhuc
1889 1459 2016 1515 regiis
2046 1460 2206 1499 animis
2237 1474 2291 1500 ac
2321 1474 2420 1500 mu-

337 1530 463 1574 h'ebri
477 1533 658 1591 spiritu.
720 1532 790 1585 29,
820 1531 891 1597 37,
922 1534 969 1575 9·
1008 1534 1095 1577 sive
1133 1546 1195 1575 ex
1224 1539 1374 1573 vetere
1402 1527 1617 1610 simultate
1644 1530 1731 1575 sive
1760 1530 2057 1589 intempestiva
2084 1531 2316 1575 iactatione
2346 1546 2418 1573 se-

337 1603 526 1645 ven‘tatis
558 1601 826 1658 inflatus
878 1633 882 1635 -
915 1632 918 1635 Δ
1053 1619 1056 1622 ·

536 1674 573 1731 §.
591 1674 630 1716 6.
689 1674 908 1718 Praeterea
939 1680 1099 1717 exstant
1126 1673 1341 1732 praeclara
1370 1672 1534 1730 aliquot
1560 1672 1827 1730 metaphorae
1857 1673 2053 1731 exempla,
2083 1688 2193 1732 quae
2218 1674 2272 1718 ab
2292 1688 2419 1719 voca-

336 1748 447 1790 bulis
478 1747 726 1805 deprompta
755 1754 863 1800 sunt,
894 1762 1003 1804 quae
1035 1747 1090 1789 de
1118 1749 1212 1804 igne
1242 1748 1413 1803 proprie
1444 1745 1527 1788 dici
1556 1753 1739 1803 apparet.
1799 1747 1871 1789 Sic
1898 1746 2085 1790 ardere
2126 1747 2177 1791 C.
2199 1751 2240 1801 8,
2271 1750 2341 1801 21,
2371 1752 2419 1792 8:

335 1836 397 1863 ex
430 1819 581 1864 eadem
616 1819 789 1864 cohorte
825 1830 923 1865 erat
960 1824 1193 1870 Sostratus,
1233 1834 1410 1863 amore
1445 1822 1560 1863 eius
1596 1818 1814 1869 ardens,
1854 1822 1905 1863 in·
1934 1834 2022 1876 quo
2059 1820 2165 1863 illud
2202 1824 2420 1865 notatione

334 1908 423 1937 non
457 1893 670 1951 indignum
697 1893 877 1944 videtur,
915 1891 1035 1947 quod
1051 1912 1057 1914 >
1072 1905 1256 1935 amorem
1292 1905 1383 1934 non
1411 1891 1559 1946 palam*
1577 1892 1816 1948 flagrantem
1844 1899 1888 1935 et
1915 1894 1960 1935 in
1986 1896 2197 1936 vesaniam
2226 1895 2420 1948 effusum,

336 1968 413 2011 sed
432 1981 704 2024 suppressum
724 1965 827 2009 dicit
844 1972 886 2009 et
906 1964 1077 2008 occulto
1096 1971 1244 2019 pectus
1265 1970 1550 2020 perurentem3
1581 1978 1706 2018 quam
1732 1963 1901 2019 quidem
1929 1968 2143 2021 propriam
2172 1981 2264 2010 csse
2292 1982 2422 2012 voca-

335 2039 426 2083 buli
462 2046 709 2096 potestatem
747 2039 892 2081 docuit
924 2035 1125 2079 Doederl.
1156 2035 1259 2091 Syn.
1282 2035 1321 2086 4,
1352 2049 1392 2089 p.
1406 2035 1502 2076 251.
1551 2033 1751 2076 Ceterum
1786 2035 1897 2077 idem
1934 2051 2037 2080 usus
2066 2038 2423 2095 frequentissimus

335 2114 414 2155 fuit
444 2115 696 2169 optimorum
725 2113 984 2166 scriptorum.
1030 2107 1144 2150 Vide
1162 2106 1252 2150 Cic.
1270 2107 1393 2149 Verr.
1416 2109 1457 2157 2,
1482 2108 1521 2157 2,
1546 2103 1614 2157 47,
1641 2108 1743 2148 116:
1773 2106 1999 2149 ardebat
2024 2110 2222 2165 (Verres)
2242 2126 2422 2155 amore

335 2185 448 2229 illius
485 2185 695 2244 hospitae,
732 2191 913 2243 propter
949 2196 1081 2241 quam
1116 2179 1293 2239 hospitii
1326 2181 1424 2222 iura
1457 2176 1667 2221 violarat.
1731 2177 1853 2221 Caes.
1883 2178 1925 2221 b.
1958 2194 1992 2221 c.
2017 2180 2058 2231 3,
2084 2179 2152 2232 74,
2180 2185 2227 2223 2:
2269 2198 2419 2227 omnes

336 2255 591 2301 arderent
634 2253 931 2315 cupiditate
970 2250 1216 2313 pugnandi.
1287 2252 1377 2294 Liv.
1412 2253 1450 2304 1,
1479 2252 1547 2303 58,
1575 2254 1619 2293 2:
1670 2265 1847 2297 amore
1885 2248 2098 2294 ardens.
2142 2276 2197 2286 —
2250 2254 2419 2300 Deinde

336 2329 688 2374 exardescere
720 2327 771 2373 C.
794 2328 834 2381 7,
860 2328 1022 2381 16,19:
1053 2328 1207 2369 Bessus
1238 2334 1283 2367 et
1304 2324 1477 2383 ingenio
1500 2332 1543 2365 et
1564 2321 1695 2366 multo
1723 2338 1839 2366 mero
1856 2323 2015 2380 flereat,
2046 2322 2157 2368 adeo
2178 2330 2415 2382 exarsit,

337 2414 384 2446 ut
407 2407 496 2446 via·
513 2403 572 2446 ab
594 2404 744 2446 amicis
767 2424 820 2434 —
844 2402 1145 2449 contineretur,
1180 2396 1299 2455 quod
1327 2396 1583 2441 vocabulum
1613 2411 1696 2439 usu
1723 2399 1863 2439 tritum
1893 2404 1955 2439 est
1976 2412 2002 2440 a
2021 2396 2242 2442 Cicerone.
2293 2400 2418 2445 Adde

338 2475 459 2521 Caes.
488 2474 531 2519 b.
562 2491 598 2534 g.
632 2476 669 2528 5,
702 2474 740 2529 4,
772 2473 818 2518 4:
858 2472 989 2517 multo
1023 2472 1198 2532 gravius
1237 2470 1318 2515 hoc
1357 2468 1505 2515 dolore
1534 2472 1762 2513 exarsit.
1823 2470 1912 2513 Liv.
1934 2471 1975 2524 3,
1996 2471 2067 2525 30,
2091 2474 2137 2514 2.
2173 2470 2283 2515 adeo
2313 2488 2417 2516 ea·-

336 2558 579 2592 arserant
611 2550 790 2591 anim-is.
821 2572 874 2581 —
919 2547 1124 2589 Maiorem
1163 2544 1339 2588 affectus
1374 2546 1572 2602 impetum
1603 2542 1773 2585 denotat
1792 2542 2072 2603 flagrare5
2112 2558 2207 2586 nam
2237 2547 2312 2602 qui
2340 2546 2417 2589 fla-

338 2637 455 2680 grare
491 2621 642 2664 dicitur
679 2620 827 2678 aliqua
857 2618 1094 2677 cupiditate,
1131 2620 1167 2660 is
1198 2620 1321 2675 quasi
1350 2616 1532 2674 quodam
1560 2616 1755 2663 incendio
1787 2623 2003 2671 correptus
2034 2624 2097 2658 est
2127 2624 2169 2658 et
2197 2616 2324 2674 plane
2353 2621 2418 2661 in-

337 2695 590 2739 flammatus·
622 2693 721 2737 vid.
750 2692 950 2743 Doederl.
970 2692 1084 2750 Syn.
1108 2689 1149 2745 4,
1169 2692 1321 2749 p.251.
1371 2691 1432 2732 Ita
1462 2688 1513 2733 C.
1538 2692 1578 2743 8,
1604 2691 1669 2741 11,
1695 2693 1741 2730 2:
1771 2690 2039 2747 Spitamenes
2072 2690 2225 2733 uxoris
2258 2692 2419 2736 immo-

337 2765 433 2810 dico
467 2783 615 2812 amore
637 2765 941 2828 flagrabat.
1005 2766 1139 2819 6,·25,
1166 2768 1212 2807 2:
1252 2765 1433 2807 Dimnus
1466 2788 1519 2796 —
1548 2760 1713 2805 exoleti
1744 2786 1797 2794 —
1830 2775 1979 2804 amore
2000 2759 2315 2822 flagrabat,·
2356 2767 2418 2808 vi-

283 2861 285 2863 *
339 2840 490 2883 delicet
525 2841 636 2884 idem
669 2855 763 2884 mox
800 2840 951 2883 dicitur
987 2837 1101 2881 male
1135 2852 1268 2880 sanus
1306 2850 1468 2880 amore.
1528 2836 1748 2876 Praeterea
1777 2834 1829 2877 C.
1849 2836 1889 2885 3,
1919 2835 1985 2886 16,
2015 2835 2087 2880 17:
2130 2835 2253 2878 baud
2273 2838 2418 2893 facile

338 2912 453 2957 dictu
482 2922 560 2963 est,
608 2938 661 2948 —-
699 2914 905 2975 quantum
931 2912 1055 2960 liuius
1088 2913 1234 2970 utique
1266 2913 1377 2969 regis
1403 2907 1480 2957 vel
1504 2906 1789 2951 admirationi
1819 2906 1956 2950 dediti
1968 2907 2161 2964 fiaerint‚
2197 2909 2277 2952 vel
2303 2914 2420 2955 cari·

338 2994 427 3030 tate
449 2984 635 3046 flagra
643 3000 698 3029 ve
707 2987 756 3030 ri
761 2996 842 3037 nt,
887 2985 1039 3044 quibus
1076 2985 1179 3042 ipsis
1214 2982 1355 3027 verbis
1392 2987 1571 3037 quantus
1607 2981 1735 3024 fuerit
1768 2986 1810 3023 et
1847 2994 1972 3037 quam
2006 2980 2231 3048 vehemens
2268 2985 2420 3042 populi

342 3072 467 3111 amor,
505 3061 603 3101 satis
632 3058 883 3115 intelligitur.
943 3058 1056 3101 Illud
1085 3071 1215 3115 genus
1245 3055 1357 3112 apud
1385 3054 1491 3097 alios
1521 3056 1749 3110 scriptores
1780 3056 1962 3110 optimos
1992 3057 2234 3111 saepissime
2263 3059 2416 3111 reperi-

339 3141 419 3176 tur.
462 3133 518 3174 V.
548 3130 639 3175 Cic.
670 3132 797 3174 Tusc-
821 3118 861 3183 4,
890 3133 959 3192 33,
978 3133 1063 3177 71:
1098 3120 1289 3173 maxime
1317 3141 1425 3169 vero
1454 3129 1649 3171 omnium
1664 3126 1945 3185 flagrasse
1975 3143 2152 3172 amore
2178 3128 2414 3183 Rheginum

341 3204 526 3260 Ibycum
563 3211 745 3263 apparet
775 3215 835 3250 ex
862 3203 1047 3260 scriptis.
1117 3202 1305 3246 Alterum
1341 3198 1611 3245 similitudine
1650 3202 1749 3244 satis
1786 3202 1990 3244 munitum
2030 3214 2121 3243 esse
2158 3196 2415 3243 crediderim.

2002 3277 2042 3318 G
