2757 3701
1339 225 1404 273 52

324 416 442 464 ptus,
481 418 637 461 magno
673 401 946 444 desiderio
987 404 1056 444 sui
1075 395 1360 457 affecerat
1395 415 1623 470 cunctos.
1685 405 1725 456 9,
1753 403 1822 455 37,
1853 403 1929 445 23·
1968 408 2140 460 regem
2163 402 2416 462 desperatio

328 475 475 521 salua‘s
505 472 844 534 aegritudine
874 474 1154 531 affecerat.
1219 474 1259 527 6,
1283 466 1323 528 9,
1352 467 1425 519 ‘152
1455 464 1542 537 quo
1574 474 1755 520 dolore
1786 466 2161 531 afficiamini}
2175 484 2230 510 -—·
2275 478 2422 521 Gon-

328 549 531 607 tingere
569 546 1112 602 C.5,11‚12=Daoeum
1143 548 1396 608 propinqua
1429 549 1748 609 cog-'natione
1777 547 2153 606 contingensf
2160 547 2220 600 8,
2236 547 2318 602 24
2336 549 2421 591 ·=28

326 622 520 661 omnium
552 619 714 662 devotis
745 618 973 677 capitibus,
1006 621 1085 677 qui
1112 620 1377 676 sanguine
1406 622 1758 679 contigissent
1784 632 1875 661 eos.
1919 619 1979 670 ·6‚
2002 621 2072 670 28,
2090 619 2170 660 323
2199 613 2286 678 quo
2306 614 2421 677 ‘prb-

324 694 451 752 piore
469 690 636 752 gradu
658 691 937 733 amicitiae
962 706 1039 734 me
1063 692 1334 751 contingis
1351 681 1428 734 -’.
1463 694 1619 747 10,13,
1637 694 1685 736 3:
1712 692 1754 735 si
1774 698 1881 752 'quos
1905 688 2048 735 adhuc
2065 692 2255 752 pristina
2280 705 2421 734 noxa

330 764 539 808 iudicaret
566 778 657 806 esse
685 772 976 805 contactos.
1029 763 1128 806 vid.
1157 764 1249 806 Liv.
1278 763 1348 816 45,
1377 765 1417 816 7,
1440 766 1481 807 3.
1525 767 1613 817 -29,
1645 761 1709 817 18,
1737 766 1803 806 12.
1865 765 1905 815 9,
1933 765 1970 814 1,
1996 763 2035 806 6.
2064 773 2122 798 “--
2159 762 2423 806 Imbuere

333 837 383 879 C.
409 838 448 887 6,
474 837 512 887 7,
540 837 585 877 6:
632 834 737 877 dum
774 835 1015 878 mitioribus
1048 838 1289 894 ingeniis
1328 836 1653 880 imbuuntur.
1691 861 1743 870 —
1799 834 2134 878 Per-mulcere
2166 834 2222 878 C.
2244 837 2284 887 6,
2309 837 2421 887 7‚-6:

329 909 588 964 efferatos
619 906 793 952 mollior
819 907 1078 952 consuetudo
1107 908 1420 967 permulcet.
1467 910 1568 953 vid.
1597 911 1686 953 Liv.
1710 908 1847 962 3,,14,
1871 910 1910 952 6.
1962 905 2032 960 40,
2057 910 2127 960 21,
2150 907 2190 951 4.
2223 930 2277 942 -
2324 908 2424 962 As-

314 980 522 1040 fligere
560 980 610 1026 C.
634 980 673 1034 4,
696 980 769 1034 34,
795 982 841 1025 9:
880 983 1032 1024 amissi
1069 984 1159 1025 eius
1188 981 1463 1027 desiderio
1494 982 1775 1029 vehementer
1799 980 2047 1038 afflictus
2076 990 2156 1031 est.
2191 984 2260 1015 -”
2295 984 2422 1024 Per-

331 1053 525 1097 cellere
557 1054 668 1107 c.5‚
696 1057 732 1107 1,
760 1057 804 1097 8:
835 1056 1022 1097 maiores
1051 1069 1149 1098 suos
1180 1055 1453 1114 perculsos
1488 1058 1536 1099 in
1562 1056 1779 1115 principio
1810 1063 1968 1098 rerum
1978 1053 2176 1097 celeriter
2190 1055 2423 1112 pristinam

332 1142 553 1185 reparasse
577 1128 827 1183 fortunam.
873 1128 928 1168 Et
964 1126 1171 1179 C.5,11,
1202 1130 1274 1170 12:
1306 1128 1612 1188 suppliciorum
1644 1138 1760 1170 metu
1780 1124 2038 1186 perculsi.
2075 1117 2129 1157 -—'
2176 1129 2423 1168 Premere

336 1197 389 1243 C.
412 1200 451 1252 6,
472 1202 541 1252 29,
565 1198 611 1243 4·
642 1215 731 1244 ηοη
759 1198 894 1243 aliam
919 1198 1198 1258 premendi
1224 1202 1432 1244 inimici
1452 1201 1721 1244 occasionem
1743 1201 1955 1258 aptiorem
1981 1192 2193 1269 flaturam
2210 1207 2344 1241 ratus.
2366 1221 2420 1232 —

336 1274 609 1330 Frangere
629 1271 692 1315 C.
716 1273 815 1325 6,3,
842 1273 915 1314 16.
946 1271 1055 1315 haec
1083 1274 1273 1316 victoria
1300 1296 1355 1305 —
1383 1286 1557 1315 omnes
1587 1271 1843 1327 -fregit.
1908 1270 1947 1322 6,
1971 1268 2012 1322 4,
2041 1271 2085 1311 1:
2123 1283 2277 1328 quem
2296 1284 2424 1312 arma

334 1345 567 1385 Persarum
603 1343 1016 1402 nonfregerant.
1081 1344 1119 1395 7,
1144 1340 1212 1395 38,
1244 1343 1316 1388 17.
1351 1339 1783 1401 quibusfractis.
1848 1339 1886 1394 6,
1912 1339 1952 1394 6,
1976 1340 2052 1382 21·
2082 1354 2306 1401 nunquam
2335 1341 2424 1382 in-

317 1420 533 1469 fractos
565 1424 616 1454 et
644 1413 886 1454 abiectos
916 1427 1151 1461 necessisse,
1185 1415 1382 1471 quotiens
1412 1415 1545 1471 ipsius
1578 1411 1869 1454 alacritatem
1878 1422 1922 1454 et
1950 1414 2066 1458 tanti
2089 1414 2231 1456 animi
2248 1415 2421 1472 spiritus

331 1484 502 1528 haurire
535 1486 792 1544 potuissent.
857 1485 910 1527 V.
942 1483 1032 1527 Cic.
1069 1484 1123 1526 ad
1160 1486 1273 1527 Fam.
1299 1484 1339 1538 4,
1363 1485 1404 1532 7.
1437 1509 1491 1519 —
1549 1483 1806 1531 Obterere
1851 1483 1902 1529 C.
1928 1486 1968 1537 3,
1993 1485 2032 1538 5,
2060 1486 2133 1528 1οε
2172 1486 2426 1544 percontari

330 1558 486 1616 coepit,
524 1558 685 1598 satisne
716 1558 758 1597 ei
785 1554 1012 1597 videretur
1040 1558 1267 1597 instructus
1296 1555 1359 1597 ad
1384 1554 1735 1597 obterendum
1767 1555 1980 1597 hostem.
2042 1556 2157 1598 Vide
2186 1569 2278 1613 pag.
2295 1557 2364 1598 29.
2381 1570 2422 1597 a.

337 1654 390 1662 —
434 1630 713 1684 Conficere
745 1627 797 1671 C.
820 1630 859 1679 3,
886 1631 954 1680 29,
985 1630 1060 1671 25:
1098 1632 1293 1686 virgines
1322 1644 1412 1670 non
1443 1644 1519 1671 suo
1549 1638 1732 1677 tantum,
1772 1626 1852 1669 sed
1877 1631 2010 1670 etiam
2045 1628 2159 1670 illius
2188 1643 2423 1671 moerore

332 1700 623 1757 confectae.
658 1726 710 1733 —
770 1703 970 1742 Tenere
1010 1699 1059 1743 C.
1081 1701 1121 1752 3,
1147 1703 1185 1752 5,
1215 1700 1289 1742 15:
1327 1701 1428 1742 auri
1462 1698 1639 1741 studio
1678 1701 1869 1741 teneri.
1905 1723 1959 1731 —-
2006 1696 2339 1759 Suspendere
2370 1699 2421 1744 G.

334 1775 375 1826 3,
398 1773 467 1826 25,
488 1774 535 1815 3:
569 1787 623 1815 ne
652 1774 920 1834 suspensi,
955 1773 1094 1814 acrius
1125 1771 1181 1815 ob
1218 1772 1400 1814 nimiam
1417 1772 1751 1828 festinationem
1780 1771 1992 1814 concitato
2020 1772 2191 1831 spiritu,
2224 1786 2422 1833 capesse-

336 1857 430 1888 rent
463 1845 693 1906 proelium.
755 1846 855 1887 vid.
885 1848 1034 1901 p.118.
1068 1869 1120 1878 —
1176 1845 1344 1886 Deinde
1376 1844 1427 1886 C.
1452 1846 1491 1895 6,
1516 1846 1585 1894 25,
1614 1843 1658 1885 4:
1698 1858 2008 1901 suspensum
2041 1847 2421 1905 expectatione

340 1944 391 1952 —
429 1930 568 1976 rogat.
614 1918 715 1958 vid.
745 1920 977 1972 pag.19.a.
1009 1925 1049 1956 et
1079 1933 1120 1970 p.
1132 1916 1230 1957 646.
1246 1932 1287 1956 a.
1305 1915 1345 1956 b.
1378 1940 1431 1947 —
1479 1917 1773 1956 Annectere
1800 1914 1850 1956 C.
1870 1915 1964 1966 4,3,
1985 1918 2058 1957 19:
2090 1917 2423 1959 Abdolonimum

339 1989 573 2049 quendam,
616 1988 747 2046 longa
787 1986 959 2046 quidem
996 1989 1314 2043 cognatione
1347 1988 1478 2043 sti‘rpi
1507 1988 1651 2043 regiae
1684 2001 1977 2036 annexum,
2013 1994 2061 2029 ut
2090 1987 2206 2044 apud
2235 1989 2423 2032 Tacitum

339 2077 626 2103 connexus.
682 2061 735 2100 V.
763 2059 1003 2100 Boetticher
1031 2058 1127 2100 Lex.
1161 2059 1291 2100 Tacit.
1321 2073 1363 2114 p.
1380 2059 1474 2099 123.
1508 2082 1561 2090 -
1610 2059 1893 2101 Βενὶηοὶνε
1927 2058 1978 2102 C.
2002 2060 2041 2112 6,
2062 2060 2133 2112 32,
2158 2059 2202 2102 4.
2239 2064 2423 2104 Parme-

338 2135 410 2175 nio
445 2157 496 2165 —
528 2141 591 2173 tot
616 2132 812 2189 parentis
843 2131 930 2172 mei
959 2131 1169 2172 meritis
1199 2128 1491 2173 devinctus.
1530 2155 1583 2163 —
1640 2128 1891 2189 Obligare
1924 2130 1975 2174 C.
2002 2131 2041 2184 7,
2065 2132 2135 2185 32,
2161 2133 2238 2175 23:
2268 2137 2422 2177 Bessus

339 2214 459 2247 tanto
491 2205 700 2252 merito,
736 2212 783 2245 ut
812 2201 1029 2251 credebat,
1064 2201 1346 2260 obligatus.
1382 2226 1434 2234 —
1480 2200 1770 2261 Implicare
1804 2202 1854 2245 C.
1880 2203 1918 2255 7,
1941 2204 2010 2256 29,
2035 2204 2301 2264 7:·ancipiti
2323 2221 2422 2265 pe·-

341 2276 505 2319 riculo
533 2275 841 2334 implicitus.
874 2301 927 2308 —
978 2278 1288 2332 Astringere
1321 2274 1371 2316 C.
1398 2276 1435 2326 6,
1461 2276 1530 2326 30,
1561 2278 1633 2316 12:
1665 2275 1986 2327 Nicomachum,
2018 2276 2275 2334 religione
2296 2276 2423 2318 deum

339 2352 625 2393 astrictum.
662 2375 715 2383 —
764 2346 1108 2406 Obstringere
1147 2346 1197 2391 C.
1225 2350 1264 2399 8,
1286 2346 1355 2399 43,
1385 2347 1456 2394 17:
1494 2363 1605 2406 quae
1646 2345 1884 2391 liberalitas
1924 2374 1979 2383 -
2013 2347 2299 2392 barbarum
2324 2349 2421 2393 ob-

339 2423 659 2466 strinxerat.
695 2446 748 2455 —
799 2421 1173 2480 Constringere
1207 2419 1257 2464 C.
1285 2420 1324 2474 6,
1350 2420 1419 2473 25,
1442 2419 1489 2466 7:
1520 2434 1598 2463 nec
1627 2418 1716 2464 ulla
1748 2419 2031 2481 religione,
2063 2430 2110 2465 ut
2130 2419 2263 2465 scelus
2287 2431 2418 2482 tegat,

337 2510 461 2553 posse
501 2495 817 2552 constringi.
853 2518 906 2526 —
957 2494 1174 2536 Solvere
1213 2493 1265 2536 C.
1288 2492 1326 2545 4,
1350 2492 1419 2544 49,
1442 2494 1517 2534 23:
1554 2493 1672 2553 quod
1703 2493 1930 2536 solutum
1966 2509 2013 2537 se
2047 2496 2190 2537 curis
2225 2510 2421 2539 somnum

341 2572 495 2627 cepisse
525 2567 724 2611 dixisset.
761 2592 814 2600 —
863 2566 1140 2610 Resolvere
1175 2566 1225 2610 C.
1249 2568 1287 2619 6,
1309 2568 1379 2619 31,
1403 2569 1470 2608 21:
1509 2566 1628 2609 illum
1663 2569 1750 2610 sive
1788 2569 2013 2611 securitate
2042 2569 2184 2611 animi
2209 2570 2297 2612 sive
2317 2570 2421 2624 fa-

343 2642 601 2697 tigatione
640 2635 925 2682 resolutum
960 2655 1133 2682 somnus
1171 2648 1459 2698 oppresserat.
1521 2628 1560 2690 9,
1591 2643 1657 2691 20,
1689 2644 1759 2683 1οε
1802 2642 1966 2684 remisit
1999 2655 2129 2684 arma
2163 2639 2420 2684 moribundo

344 2711 493 2755 similis
530 2712 721 2772 adeoque
762 2711 1048 2762 resolutus,
1093 2722 1139 2755 ut
1178 2728 1232 2756 ne
1269 2710 1332 2755 ad
1360 2710 1608 2754 vellendum
1637 2711 1811 2773 quidem
1843 2712 1974 2757 telum
2004 2712 2217 2770 sufficeret
2242 2710 2417 2758 dextra.

345 2785 411 2827 De
449 2798 536 2841 quo
573 2785 743 2829 diximus
772 2786 922 2842 p.567.
940 2784 980 2828 b.
1010 2787 1111 2828 560.
1130 2785 1171 2828 b.
1204 2809 1258 2818 —
1306 2784 1521 2840 Efferre
1554 2783 1603 2828 C.
1627 2785 1666 2838 4,
1690 2789 1758 2839 28,
1783 2787 1859 2829 26:
1902 2784 2105 2829 insolenti
2128 2784 2320 2843 gaudio
2350 2789 2421 2830 iu-

346 2859 460 2899 venis
490 2856 673 2899 elatus.
736 2860 964 2910 3,19,10:
1002 2874 1143 2916 regem
1187 2882 1240 2890 —
1277 2856 1531 2900 absentia
1566 2873 1645 2900 sua
1681 2858 1745 2900 ad
1768 2874 1938 2901 vanam
1955 2856 2173 2915 fidzoeiam
2201 2857 2417 2903 elatum.

351 2953 405 2962 —
443 2929 534 2971 Nec
568 2931 690 2985 plane
728 2931 862 2973 aliena
898 2930 952 2973 ab
988 2931 1072 2972 hoc
1104 2931 1204 2973 loco
1242 2938 1340 2973 sunt
1376 2932 1638 2973 attonitus
1668 2931 1718 2975 C.
1742 2933 1871 2983 5,33,
1896 2932 1969 2973 13:
2005 2935 2163 2974 Persae
2198 2935 2423 2976 attoniti

345 3010 479 3045 metu.
545 3003 669 3054 5‚27,
695 3004 766 3056 13:
809 3004 1069 3046 attonitus
1107 3006 1322 3047 moestitia
1361 3001 1492 3047 simul
1529 3013 1572 3046 et
1606 3002 1920 3062 desperatione.
1985 3005 2023 3057 5,
2056 3007 2125 3057 21,
2162 3007 2235 3049 13:
2273 3008 2422 3050 omnia

343 3082 478 3118 vasta
509 3080 641 3133 atque
672 3074 761 3115 sine
791 3072 875 3116 ullo
906 3073 1085 3118 humani
1111 3073 1245 3118 cultus
1274 3076 1458 3135 vestigio
1487 3076 1717 3119 attoniti
1745 3073 2037 3120 intuebantur.
2099 3076 2257 3121 Similia
2293 3089 2421 3132 saepe

344 3148 613 3203 reperiuntur
642 3143 757 3200 apud
785 3144 958 3196 Livium,
987 3146 1219 3202 Virgilium,
1250 3146 1461 3191 Ovidium.
1494 3173 1548 3182 —
1594 3146 1881 3191 Stimulare
1917 3148 1966 3193 (3.
1990 3150 2029 3202 6,
2055 3149 2120 3202 17,
2146 3152 2219 3192 19:
2257 3147 2419 3189 maiore
