2757 3701
1376 263 1405 312 7

345 449 445 500 iere',
470 449 627 503 paucis
656 451 814 489 tantum
842 440 1192 493 mutatisverbis,
1214 439 1379 484 ,docent
1409 438 1677 484 Cocoudrius
1708 439 1735 481 L
1758 452 1793 481 c.
1823 438 1974 495 p.784,
2000 441 2051 482 13
2072 442 2199 496 sqq,
2219 439 2432 495 Georgius

347 519 676 568 Choerohoscus
715 520 742 562 l.
761 533 809 569 c.
848 515 1233 575 p.806,1·-13²-wqq.,'
1268 513 1499 571 Gregorius
1543 513 1790 558 Corinthius
1829 512 1857 553 1.
1884 525 1921 552 c.
1941 513 2097 567 p.,766„
2114 515 2174 555 23
2202 526 2308 569 sqq„
2350 512 2432 554 alii.

344 595 549 651 Suscepta
583 602 648 637 est
685 595 803 635 haee‘
827 588 1020 635 docum
1057 587 1113 631 ab
1132 585 1293 631 lamis
1322 591 1610 645 grammaticis;
1646 599 1743 629 nam
1779 584 1933 628 eodem
1968 581 2058 626 fere
2091 583 2279 636 redeunt,
2320 599 2432 641 quae

344 666 499 712 habent
526 664 835 723 Quinctilianus
855 667 905 718 8,
927 665 966 718 6,
988 662 1065 707 34:
1095 661 1424 719 xatd‘xpno‘ac,
1464 676 1594 721 quam
1636 670 1752 703 ‘mete
1789 657 1971 702 dicimus
2007 657 2276 706 abusionem,
2317 673 2429 715 quae

343 737 801 787 nori-{tabentibus
829 751 1017 781 nomen
1047 750 1194 779 suum
1227 731 1608 783 accommodat,
1648 731 1791 793 quod
1825 735 1880 775 in
1907 733 2163 790 proximo
2193 739 2288 772 est.
2353 731 2431 770 Fe—

345 819 446 865 stus,
487 813 562 869 qui
600 809 760 864 dicitur,
800 810 909 869 p.45
938 812 1010 855 L..·
1051 808 1395 854 catachresin
1429 808 1598 868 tropum
1639 822 1719 851 nos
1759 805 2014 850 abusionem
2054 802 2253 853 dicimus,
2300 816 2434 862 quum

344 883 496 928 alienis
525 884 746 928 abutimur
769 900 825 928 ac
851 886 892 929 si
916 885 1123 946 propriis,
1162 896 1316 945 quum
1345 884 1574 943 propria
1604 879 1873 940 deficiunt.
1935 877 2169 922 Diomedes
2198 876 2332 934 p.451
2367 877 2432 918 P.:

344 956 654 1017 κητείχρησις
684 968 750 999 est
787 959 1099 1000 necessaria
1134 956 1339 1000 similium
1372 969 1454 1014 pm
1485 956 1682 1015 propriis
1712 953 1865 995 abusio
1904 962 1948 994 et
1983 953 2205 1017 usurpatio
2242 950 2434 992 nominis

342 1030 489 1073 alieni.
551 1031 768 1087 Sosipater
804 1030 1019 1074 Charisius
1045 1031 1186 1088 p.244
1211 1031 1278 1073 Pa
1320 1025 1632 1085 „aramum
1666 1037 1731 1068 est
1765 1025 1895 1067 dictio
1930 1024 2101 1066 alienae
2141 1029 2207 1066 rei
2241 1039 2431 1065 neces-

342 1106 484 1147 sario
513 1105 677 1161 posita.
739 1102 807 1145 ct.
835 1104 1049 1147 Donatum
1085 1105 1140 1148 de
1174 1107 1310 1160 tropis
1345 1118 1387 1159 p.
1404 1102 1516 1150 1775
1537 1102 1588 1144 P.
1630 1108 1672 1143 et
1709 1099 1919 1142 Isidorum
1949 1099 2067 1154 Orig.
2102 1102 2139 1149 1,
2160 1099 2231 1149 36,
2260 1100 2286 1138 6
2318 1113 2358 1152 p.
2375 1097 2431 1138 56

343 1178 395 1219 L.
458 1175 669 1218 Haeccine
710 1188 810 1232 ergo
857 1177 1028 1218 omnino
1071 1176 1297 1218 reiicienda
1340 1183 1438 1218 sunt
1477 1181 1520 1217 et
1559 1173 1813 1217 damnanda?
1871 1173 2043 1214 Minime
2083 1184 2188 1213 vero
2230 1184 2280 1211 ex
2321 1172 2435 1211 omni

343 1255 479 1307 parte:
517 1261 612 1291 nam
646 1247 907 1305 plerumque,
946 1245 1022 1290 ubi
1057 1259 1137 1308 per
1172 1244 1422 1305 urimo-av
1451 1252 1668 1305 ponuntur
1695 1243 1917 1299 vocabula,
1954 1257 2041 1287 nou
2078 1245 2122 1287 in
2152 1242 2329 1286 aliorum
2360 1255 2434 1284 eo-

343 1336 520 1378 rumque
556 1324 826 1378 propriorum
861 1323 1084 1362 stationem
1115 1323 1237 1375 quasi
1271 1320 1516 1372 succedunt,
1554 1320 1630 1362 sed
1668 1320 1722 1362 ad
1759 1333 1827 1361 res
1857 1319 2148 1368 deflectuntur,
2187 1329 2307 1373 quae,
2346 1318 2434 1357 sive

342 1396 501 1437 formae
531 1393 715 1436 eiusdem
745 1395 906 1449 generis
936 1394 1024 1434 sive
1053 1399 1250 1447 tanquam
1278 1395 1324 1434 in
1353 1396 1503 1434 vicinia
1532 1396 1708 1448 positae,
1748 1408 1877 1434 unum
1916 1400 1959 1434 et
1996 1406 2117 1433 suum
2154 1404 2243 1432 non
2278 1389 2435 1430 habent

341 1481 505 1510 nomen.
564 1464 733 1509 Scilicet
767 1482 798 1508 a
828 1467 1003 1524 potiori,
1040 1472 1089 1508 ut
1116 1464 1272 1517 dicunt,
1296 1463 1362 1522 fit
1394 1462 1707 1507 denominatio.
1769 1466 1826 1505 At
1861 1464 1967 1505 illud
1998 1467 2033 1505 si
2063 1466 2208 1518 agitur,
2248 1469 2293 1503 ut
2323 1462 2431 1503 inter

341 1539 625 1593 metaphoram
662 1544 706 1578 et
741 1537 999 1579 catachresin
1036 1536 1139 1592 quid
1172 1534 1403 1578 intercedat
1428 1537 1622 1591 'pressius
1660 1534 1896 1586 definiatur,
1937 1534 1992 1576 ab
2029 1534 2174 1577 subtili
2209 1536 2288 1578 ista
2325 1536 2431 1577 anti-

350 1622 533 1666 quorum
562 1609 919 1665 grammaticorum
949 1607 1233 1664 descriptione
1263 1606 1521 1663 aliquantum
1535 1605 1703 1648 videtur
1733 1619 1825 1648 esse
1843 1605 2153 1648 discedendum.
2176 1650 2178 1652 ,
2198 1606 2260 1648 Ut
2277 1610 2433 1663 paucis,

343 1687 379 1727 si
408 1683 502 1726 fieri
530 1684 676 1738 possit,
706 1681 923 1725 absolvam
952 1696 1052 1735 rem,
1092 1695 1356 1725 commune
1385 1680 1662 1736 utriusque
1689 1681 1795 1723 illud
1837 1688 1911 1732 est,
1950 1680 2070 1736 quod
2107 1696 2158 1723 ex
2194 1681 2294 1723 loco
2332 1696 2433 1736 pro-

344 1760 438 1814 prio
469 1762 688 1799 sumuntur
714 1753 846 1797 verba
875 1761 918 1797 et
945 1756 990 1797 in
1020 1754 1199 1797 alienum
1237 1754 1446 1810 quendam
1482 1754 1802 1803 transferuntun
1840 1756 2111 1810 proprium
2140 1768 2245 1797 vero
2275 1761 2434 1796 meta-

344 1831 558 1887 phorae,
595 1835 641 1871 ut
678 1830 714 1871 is
749 1827 884 1879 locus,
922 1828 967 1869 iu
1007 1839 1132 1882 quem
1168 1827 1411 1870 uanslatum
1447 1833 1511 1869 est
1538 1826 1726 1879 verbum,
1766 1830 1887 1883 quasi
1926 1827 2105 1883 quadam
2135 1830 2312 1884 imagine
2343 1830 2433 1870 eius

344 1906 416 1955 rei,
455 1902 568 1944 unde
597 1902 707 1944 facta
742 1899 958 1944 translatio
997 1906 1071 1952 est,
1110 1907 1332 1942 exornetur
1362 1906 1404 1943 et
1432 1900 1703 1949 illuminetur3
1743 1901 2062 1943 catachresis
2101 1900 2264 1953 deinde,
2303 1908 2350 1943 ut
2381 1915 2433 1943 ea

343 1991 423 2027 res,
462 1978 533 2017 cui
559 1974 736 2016 verbum
774 1973 953 2015 alienum
982 1972 1334 2024 accommodatur,
1372 1980 1539 2028 praeter
1576 1967 1906 2028 expectationem
1944 1980 1986 2014 et
2013 1986 2102 2015 non
2132 1976 2223 2015 sine
2252 1973 2431 2028 quadam

343 2049 509 2092 licentia
552 2062 603 2090 ex
644 2048 792 2089 notitia
835 2043 1003 2087 alterius
1038 2046 1112 2096 rei,
1150 2058 1260 2099 quae
1298 2047 1386 2088 sive
1424 2045 1585 2101 generis
1625 2043 1813 2087 eiusdem
1851 2053 1914 2088 est
1951 2061 2049 2102 pars
2085 2062 2136 2089 ac
2172 2047 2308 2090 forma
2345 2049 2433 2089 sive

344 2123 531 2178 proxime
567 2118 621 2162 ad
655 2118 766 2161 illam
805 2116 975 2169 aceedit,
1013 2115 1250 2174 designetur
1286 2123 1412 2174 atque
1447 2116 1748 2160 denominetur.
1808 2118 1922 2174 Ergo
1952 2120 1997 2161 in
2026 2120 2270 2176 metaphora
2303 2135 2432 2177 quae-

342 2196 448 2235 ritur
475 2194 736 2249 potissimum
766 2192 967 2232 orationis
998 2188 1210 2246 quoddam
1239 2190 1391 2242 lumen,
1428 2189 1547 2245 quod
1574 2189 1727 2232 illustri
1754 2193 1816 2232 rei
1853 2193 2083 2246 cuiuspiam
2122 2194 2296 2248 imagine
2335 2194 2429 2235 fun-

344 2265 473 2316 ditur3
502 2266 546 2307 in
575 2264 801 2308 catachresi
828 2261 873 2307 id
903 2264 1048 2320 agitur,
1084 2270 1132 2306 ut
1161 2271 1299 2307 certae
1330 2262 1545 2307 cuiusdam
1574 2266 1637 2306 rei
1667 2266 1861 2321 cogitatio
1893 2265 2095 2307 offeratur
2125 2268 2278 2317 animo,
2318 2267 2431 2308 unde

346 2353 454 2396 quae
484 2340 536 2381 sit
566 2338 735 2381 alterius
765 2335 980 2381 cuiusdam
1000 2338 1063 2380 rei
1084 2339 1217 2392 notio,
1248 2337 1487 2396 simpliciter
1516 2340 1606 2382 sine
1636 2337 1723 2381 ulla
1752 2340 2022 2382 exornatione
2052 2339 2290 2383 denotetur.
2347 2341 2432 2383 Ce-

344 2421 478 2454 terum
509 2410 860 2468 quemadmodum
889 2411 1132 2468 metaphora
1160 2424 1250 2453 non
1278 2411 1456 2453 illustrat
1484 2412 1623 2454 solum
1654 2414 1897 2465 orationem,
1925 2427 2073 2456 verum
2103 2417 2226 2457 etiam
2250 2417 2433 2470 apertio·

344 2499 430 2527 rem
459 2485 608 2536 reddit,
637 2488 693 2527 ita
723 2485 818 2527 fieri
845 2490 997 2540 potest,
1027 2492 1074 2526 ut
1105 2499 1215 2540 quae
1245 2487 1479 2543 suggeritur
1507 2500 1585 2541 per
1615 2486 1874 2528 catachresin
1904 2490 2115 2544 cogitatio,
2154 2487 2208 2529 ad
2239 2496 2429 2529 ornatum

346 2571 519 2614 quoque
547 2558 685 2600 valeat
714 2565 756 2600 et
790 2559 968 2601 nitorem
999 2559 1212 2601 orationis.
1272 2559 1390 2602 Haec
1417 2559 1454 2601 si
1482 2572 1583 2600 vere
1621 2565 1720 2602 sunt
1750 2558 1971 2617 disputata,
2008 2575 2149 2616 neque
2186 2559 2430 2616 metaphora

346 2632 570 2674 catachresi
607 2629 794 2673 subiecta
824 2637 888 2673 est
916 2638 1125 2688 tamquam
1159 2632 1295 2675 forma
1323 2633 1473 2691 generi,
1510 2644 1651 2688 neque
1683 2632 1930 2674 catachresis
1959 2631 2241 2688 metaphorae,
2279 2632 2357 2675 sed
2388 2636 2430 2676 iu

345 2712 525 2761 utraque
552 2706 770 2760 proprium
799 2704 1014 2759 quoddam
1044 2712 1085 2747 et
1109 2713 1346 2762 separatum
1364 2712 1583 2761 troporum
1604 2719 1735 2762 genus
1757 2707 1957 2746 cernitur:
1990 2704 2119 2761 quid?
2150 2706 2270 2763 quod
2302 2721 2429 2749 unum

344 2776 540 2834 idemque
567 2777 822 2822 vocabulum
851 2772 1008 2835 dispari
1035 2781 1079 2822 vi
1108 2786 1151 2823 et
1179 2787 1385 2837 potestate
1412 2793 1490 2837 per
1518 2780 1802 2835 metaphoram
1833 2785 1874 2822 et
1910 2793 1988 2836 per
2018 2780 2278 2823 catachresin
2309 2797 2430 2823 usur-

346 2865 447 2908 pare
475 2851 629 2895 licebit.
689 2851 775 2895 Sed
801 2851 946 2896 redeat
974 2852 1087 2906 unde
1118 2852 1298 2897 devertit
1327 2855 1472 2897 oratio.
1747 2902 1751 2906 Α

544 2927 585 2969 Α
605 2925 813 2970 Cicerone
832 2929 1065 2984 proximum
1085 2941 1210 2983 quem
1239 2928 1447 2985 appellare
1475 2926 1584 2978 licet,
1615 2927 1834 2969 Verrius
1851 2927 2072 2969 Flaccus
2103 2927 2158 2969 ab
2189 2928 2273 2979 illa,
2305 2943 2431 2985 quam

350 2997 500 3043 Cicero
532 3002 743 3056 expressit,
780 3002 1045 3058 metaphorae
1074 3003 1261 3058 imagine,
1293 3007 1490 3057 quantum
1520 2999 1692 3055 quidem
1723 3014 1772 3043 ex
1800 3002 1945 3045 Festi
1974 3001 2134 3043 laciniis
2164 3004 2427 3059 perspicitur,

347 3086 433 3116 non
467 3071 643 3115 multum
682 3072 882 3119 discessit.
940 3075 1209 3119 Documento
1248 3082 1344 3118 sunt
1370 3074 1484 3115 Festi
1521 3072 1666 3127 verba,
1706 3077 1855 3131 partim
1897 3074 1952 3117 ab
1987 3076 2146 3118 Ursino
2186 3077 2335 3133 partim
2373 3073 2425 3113 ab

349 3145 569 3191 Odoin-edo
587 3146 798 3192 Mueller-o
818 3148 1005 3203 feliciter,
1035 3157 1084 3193 ut
1101 3148 1277 3202 videtur,
1306 3146 1501 3204 suppleta
1529 3163 1623 3205 pag.
1639 3150 1744 3192 153:
1776 3148 2085 3209 Memphoram
2111 3165 2243 3209 quam
2272 3149 2428 3189 Graeci

347 3232 526 3275 vocarit,
558 3213 635 3267 rios
653 3219 943 3275 tralaa‘onem,
978 3220 1028 3267 id
1043 3233 1124 3275 est,
1150 3222 1277 3267 domo
1303 3231 1545 3266 mutuatum
1568 3221 1779 3267 verbum:
1809 3238 1896 3283 quo
1923 3225 2095 3271 utimur,
2127 3220 2267 3279 inquit
2297 3222 2428 3263 Ver-
