2757 3701
1359 271 1424 318 28

348 454 482 508 capite
515 453 621 492 inter
656 461 703 489 se
741 454 1010 499 coneum-unt,
1045 449 1101 489 ita
1138 445 1380 553 Dioxippus
1418 456 1550 504 quum
1585 456 1677 492 toto
1717 461 1898 527 corpore
1934 453 2022 491 tum
2059 450 2197 539 eapite
2233 452 2432 494 connisus

347 525 565 566 Hori-atam
595 522 639 563 in
667 527 822 563 terram
854 519 1015 564 deiecit.
1597 537 1601 541 ·
2223 553 2226 555 .
2254 548 2272 558 ‚,
2303 549 2305 553 .

542 594 598 636 Et
626 594 733 636 haec
764 593 933 650 quidem
960 591 1090 635 verba
1118 541 1386 637 similitudine
1417 559 1600 651 quadam
1628 597 1834 639 actionum
1853 591 2076 646 nitatur,
2072 605 2205 649 quae
2222 597 2338 639 eel'ni
2360 608 2432 639 so

343 669 430 711 lent
458 670 504 710 in
531 666 697 718 bestiis3
727 669 770 709 in
801 667 890 708 aliis
921 669 1055 723 agitur
1085 665 1139 708 de
1170 680 1237 719 eo,
1268 667 1389 724 quod
1417 667 1538 712 illae
1533 671 1767 726 patiuntur.
1818 664 1952 709 Velut
1979 668 2025 711 in
2052 665 2128 709 illo
2157 668 2434 724 saginandi
2499 698 2502 700 -

342 741 478 784 verbo
510 741 560 785 C.
592 744 631 793 9,
649 743 716 791 29,
739 740 809 781 16:
845 740 1088 796 saginati
1123 742 1320 799 corporis
1358 741 1555 785 inutilem
1592 740 1774 792 beluam,
1812 738 1968 795 quihus
1996 739 2304 783 verbismodo
2340 747 2433 783 ute·

344 814 503 865 bamur,
533 821 574 856 et
606 814 643 865 5,
660 814 698 864 6,
713 813 789 855 39:
820 812 937 853 inter
960 809 1068 854 haee
1079 814 1269 870 flagitia
1300 817 1516 858 exereitus
1534 814 1608 858 ille
1626 813 1815 857 domitor
1838 812 1970 854 Asiae
1994 814 2324 870 per-XXXIV
2339 812 2432 857 dies

346 889 637 945 saginatus.
696 884 836 941 Quam
865 884 1151 940 metaphoram
1180 888 1305 929 certis
1338 885 1535 943 exemplis
1564 886 1858 930 illustravimus
1887 882 1942 927 ad
1966 883 2009 927 h.
2025 883 2053 927 1.
2071 885 2273 941 pagam.
2311 884 2434 929 Adde
2522 874 2528 879 ’

344 961 447 1002 Hirt.
477 959 530 1001 de
559 958 600 1001 b.
619 958 690 1000 afr.
724 957 793 1010 46,
811 961 856 999 2:
892 956 1093 1000 abducite
1128 959 1231 1000 istos
1261 959 1431 1015 nefario
1460 958 1617 1002 scolere
1646 958 1962 1002 contaminatos
1989 964 2034 999 et
2060 954 2223 998 caede
2247 957 2433 999 civium

344 1032 634 1088 saginatos.
697 1032 788 1072 Liv.
819 1031 890 1082 36,
910 1031 1043 1082 17,8:
1078 1045 1210 1074 novus
1239 1034 1437 1080 maritus,
1475 1031 1602 1074 velut
1632 1032 1914 1089 saginatus
1948 1027 2291 1088 nuptialibus
2319 1042 2434 1073 eoe-

345 1106 441 1147 nis.
502 1104 660 1157 38,17,
683 1104 755 1151 17:
793 1101 970 1147 duratos
1003 1118 1077 1147 eos
1115 1113 1179 1148 tot
1211 1103 1337 1148 malis
1363 1114 1730 1164 exasperatosque
1758 1104 1924 1162 aceepit
1953 1107 2086 1151 tem,
2126 1115 2237 1160 quae
2279 1102 2434 1160 copia

348 1191 516 1221 rerum
545 1179 776 1221 omnium
805 1178 1101 1236 saginaret.
1147 1178 1243 1222 Nec
1261 1181 1396 1222 minus
1427 1184 1571 1235 aperta
1600 1184 1709 1229 sunt,
1739 1189 1850 1232 quae
1872 1175 1993 1218 ,huno
2017 1175 2192 1218 maxime
2220 1175 2265 1218 in
2292 1173 2434 1219 locum

346 1249 447 1293 licet
467 1251 635 1310 referre,
656 1253 829 1309 iugum
851 1251 1147 1309 imponere,
1169 1253 1312 1310 pati,
1347 1251 1446 1303 alia,
1476 1264 1586 1306 quae
1607 1251 1809 1291 insertum
1830 1246 1963 1290 boum
1985 1246 2219 1290 cervicibus
2243 1254 2314 1290 aut
2339 1261 2434 1290 cor-

346 1320 473 1366 nibus
503 1325 644 1381 iugum
674 1323 733 1367 ob
764 1322 916 1367 oculos
945 1331 1122 1380 ponunt.
1158 1324 1236 1367 'V.
1255 1322 1365 1376 C.3,
1382 1326 1450 1376 25,
1469 1324 1513 1366 5:
1542 1338 1632 1365 non
1662 1321 1807 1363 Persis
1840 1316 1992 1369 modo,
2014 1317 2103 1363 sed
2136 1321 2269 1364 etiam
2296 1322 2435 1363 omni-

345 1394 426 1437 bus
448 1395 651 1453 gentibus
678 1398 1018 1454 imposituros
1045 1398 1235 1452 iugum.
1269 1396 1311 1445 3,
1334 1396 1404 1444 32,
1429 1392 1506 1434 25:
1539 1391 1784 1450 praesentis
1813 1390 2114 1446 (fortunae)
2139 1393 2315 1450 iugum
2334 1392 2435 1450 pati

337 1480 527 1523 possum.
590 1468 631 1515 3,
650 1468 718 1515 23,
741 1467 813 1506 13:
843 1464 971 1505 urbes
995 1463 1139 1505 adhue
1167 1465 1341 1520 iugum
1370 1464 1589 1521 imperii
1617 1467 1938 1504 ret-asaneus.
2003 1464 2042 1514 6,
2057 1463 2098 1514 7,
2114 1462 2332 1505 fitz-‘aestut-
2349 1465 2433 1505 iu-

338 1553 457 1595 gum
485 1538 728 1593 (imperii)
752 1534 894 1593 rigida
921 1537 1081 1578 cervice
1114 1534 1394 1578 subeuntibus
1431 1533 1650 1577 barbaris.
1705 1533 1806 1577 Vid.
1836 1533 1928 1577 Cic.
1957 1534 2136 1590 Philipp.
2170 1536 2325 1587 1,2,6:
2352 1550 2433 1593 pa-

342 1612 453 1652 triae
485 1608 737 1651 liberatores
769 1607 875 1650 urbe
906 1606 1116 1649 carebant
1144 1622 1215 1656 ea,
1256 1608 1373 1649 cuius
1404 1623 1434 1648 a
1469 1605 1766 1649 cervicibus
1799 1607 1971 1663 iugum
2001 1605 2190 1651 servile
2219 1604 2431 1650 deiece-

343 1692 477 1724 rant.
536 1682 627 1723 Liv.
658 1682 853 1733 3,15,9:
895 1690 942 1721 ut
982 1680 1163 1723 servitiis
1201 1693 1336 1736 grave
1376 1681 1552 1737 iugum
1592 1677 1797 1721 demeret.
1861 1677 2169 1734 Cim-Philipp.
2212 1681 2279 1731 11,
2311 1683 2351 1732 2,
2386 1681 2430 1723 6:

343 1756 469 1814 quasi
502 1769 612 1797 vero
649 1769 738 1796 non
775 1768 909 1795 unum
943 1750 1141 1812 idemque
1184 1749 1342 1793 bellum
1378 1753 1436 1793 sit
1466 1759 1619 1793 contria
1648 1748 1729 1792 hoc
1760 1750 1934 1809 iugum
1963 1750 2244 1810 impiorum
2273 1752 2432 1809 nefa..

344 1829 390 1870 ri
396 1843 472 1870 um
482 1829 500 1869 !
534 1852 586 1861 —
619 1826 687 1869 Ad
718 1826 891 1869 eandem
921 1824 1229 1868 similitudinem
1258 1823 1525 1866 referendum
1555 1837 1647 1865 esse
1674 1823 1794 1865 illum
1823 1821 1961 1865 Curtii
1988 1822 2144 1877 locum,
2182 1826 2349 1880 qui-est
2378 1824 2431 1868 de

344 1901 449 1944 urbe
488 1900 541 1944 ab
571 1899 809 1944 Alexandro
841 1899 895 1943 ad
925 1901 1100 1941 Tanaim
1138 1897 1319 1948 condita,
1351 1897 1398 1947 ·7,
1418 1898 1487 1947 29,
1508 1898 1551 1937 1:
1590 1905 1709 1937 ratus
1747 1910 1845 1937 eam
1879 1894 2043 1945 urbem,
2084 1899 2217 1957 quam
2251 1899 2300 1941 in
2332 1900 2431 1959 ripa

345 1976 485 2016 amnis
516 1971 778 2015 Macedones
809 1969 1109 2018 condiderant,
1150 1970 1260 2010 suis
1300 1969 1606 2027 impositam
1643 1983 1757 2010 esse
1795 1967 2109 2020 cervicibus,
2147 1970 2310 2014 collatis
2340 1972 2430 2015 aliis

347 2047 483 2100 iisque
510 2044 725 2086 bonorum
755 2045 1002 2098 scriptorum
1033 2040 1226 2096 exemplis
1258 2040 1563 2082 demonstrasse
1592 2039 1743 2082 videor
1770 2038 1826 2082 ib.
1857 2054 1897 2094 p.
1910 2040 2007 2083 68⁵.
2022 2055 2069 2082 a.
2088 2039 2134 2083 b.
2188 2041 2312 2085 Adde
2341 2044 2431 2086 Liv.

348 2117 416 2169 42,
436 2120 502 2169 50,
523 2119 567 2159 6:
611 2114 906 2159 cervicibus
946 2128 1122 2156 eorum
1167 2113 1609 2169 (Karthaginiensium)
1642 2117 1971 2171 praepotentem
1996 2110 2246 2171 finitimum
2289 2131 2430 2174 regem

344 2190 669 2249 imposuisse.
703 2222 707 2226 .
733 2186 825 2230 Nisi
861 2185 971 2229 sorte
1009 2186 1104 2242 quis
1141 2186 1284 2242 potius
1312 2185 1486 2228 victoris
1520 2184 1674 2242 pugilis
1708 2185 1925 2241 imaginem
1963 2198 2198 2242 expressam
2228 2201 2322 2231 esse
2350 2203 2430 2245 pu-

343 2264 500 2314 taverit,
530 2262 603 2318 qui
631 2259 787 2318 pedem
813 2272 941 2317 super
971 2260 1176 2302 cervicem
1206 2259 1359 2300 iacenti
1382 2256 1628 2301 adversario
1660 2255 1825 2300 solebat
1844 2258 2087 2315 imponere3
2117 2273 2203 2317 qua
2216 2273 2282 2303 ex
2310 2274 2358 2304 re
2379 2260 2429 2304 il-

343 2335 600 2377 lustrandum
631 2342 742 2375 certe
773 2341 837 2375 est
865 2333 972 2374 illud
1003 2333 1054 2374 C.
1074 2334 1113 2382 7,
1128 2334 1198 2382 30,
1220 2334 1292 2372 11:
1330 2330 1523 2385 defecere
1559 2332 1800 2378 Bactriani,
1841 2332 1898 2371 in
1939 2346 2161 2389 quorum
2201 2336 2429 2375 cervici-

346 2408 437 2452 bus
460 2419 668 2451 stamus.
710 2407 809 2450 vid.
835 2421 927 2463 pag.
940 2408 1095 2450 685.a.
1119 2431 1172 2441 -
1216 2405 1378 2461 Agmen
1408 2411 1542 2461 cogat,
1572 2402 1691 2460 quod
1719 2405 1857 2460 ipsum
1878 2405 2045 2448 minime
2074 2404 2252 2449 alienum
2283 2414 2346 2450 est
2365 2407 2429 2451 ab

344 2482 425 2526 hoc
453 2480 567 2534 loco,
588 2479 637 2525 C.
668 2480 707 2534 7,
723 2478 792 2534 40,
814 2480 885 2523 16:
916 2477 1024 2522 haec
1049 2476 1281 2536 (oppida)
1309 2478 1461 2522 omnia
1485 2476 1571 2520 sita
1595 2485 1695 2520 sunt
1719 2477 1768 2519 in
1789 2473 1917 2520 editis
1941 2474 2135 2529 collibus,
2166 2488 2255 2522 tum
2276 2477 2429 2525 velut

329 2556 483 2609 freni
509 2553 828 2596 domitarum
851 2554 1105 2610 gentium.
1168 2551 1293 2608 Quae
1331 2549 1547 2592 translatio
1583 2551 1627 2590 in
1662 2548 1835 2606 singulis
1868 2549 2108 2607 hominibus
2135 2551 2335 2608 frequens
2365 2562 2428 2596 est

346 2640 424 2668 nec
451 2626 648 2678 obscura3
678 2642 718 2668 v,
741 2625 832 2669 Cic.
855 2623 910 2667 de
928 2630 1033 2667 orat.
1052 2625 1093 2676 3,
1109 2625 1149 2676 9,
1165 2624 1241 2667 36:
1271 2621 1446 2666 dicebat
1472 2623 1685 2664 Isocrates
1703 2645 1758 2659 -·-
1776 2653 1790 2672 ,
1817 2637 1863 2664 se
1889 2620 2128 2666 calcaribus
2153 2625 2206 2666 -in
2222 2623 2423 2684 Ephoro,

347 2708 496 2740 contra
524 2709 664 2741 autem
696 2702 743 2741 in
781 2697 1057 2758 Theopompo
1077 2696 1262 2752 frenis
1301 2698 1378 2739 uti.
1395 2694 1548 2738 solere.
1611 2695 1785 2752 Philipp.
1821 2696 1886 2747 13,
1907 2697 1946 2749 9,
1964 2698 2042 2738 212:
2077 2696 2202 2754 eique
2230 2698 2288 2738 ,in
2317 2696 2427 2739 Gal-

349 2770 453 2813 liam
476 2774 720 2829 penetranti
746 2774 806 2815 D.
841 2787 887 2814 se
918 2775 1077 2813 Brutus
1110 2769 1282 2820 obiecit,
1320 2771 1399 2829 qui
1426 2783 1472 2811 se
1501 2770 1627 2811 totius
1659 2767 1763 2811 belli
1776 2768 1994 2824 fluctibus
2022 2769 2253 2818 circumiri,
2293 2784 2426 2828 quam

347 2841 466 2886 illum
489 2852 566 2886 aut
591 2842 755 2903 regredi
783 2853 860 2887 aut
885 2841 1093 2905 progredi
1114 2841 1282 2895 maluit,
1316 2843 1618 2902 Mutinamque
1643 2839 1711 2885 illi
1733 2838 1974 2885 exsultanti
1994 2848 2216 2901 tamquam
2228 2839 2425 2899 frenos

328 2916 544 2971 furoris
575 2919 780 2959 iniecit.
826 2916 1057 2968 Liv.3la,2‚
1078 2919 1149 2960 13:
1179 2916 1281 2960 date
1298 2919 1493 2972 frenos
1526 2917 1752 2975 impotenti
1773 2925 1998 2958 naturae
2024 2924 2070 2957 et
2098 2914 2306 2960 indomito
2331 2919 2426 2960 ani-

344 2989 468 3032 mali.
533 2990 746 3041 45,19‚7:
777 2992 828 3032 ni
850 2991 975 3031 unius
1009 2993 1139 3032 amici
1162 2990 1354 3049 prudens
1386 2988 1624 3032 admonitio
1658 2988 1780 3032 velut
1796 2989 1995 3042 frenos
2025 2991 2198 3032 animo
2228 2992 2318 3033 eius
2347 2994 2426 3033 im-

335 3061 569 3121 posuisset.
632 3060 805 3104 Curtius
842 3060 1036 3117 profecto
1073 3060 1246 3106 liberius
1282 3061 1496 3107 vocabulo
1533 3075 1637 3105 usus
1672 3063 1808 3105 iustae
1841 3066 1979 3107 tamen
2011 3062 2288 3108 translationis
2316 3062 2425 3108 fines

342 3136 570 3180 excessisse
597 3147 689 3178 non
719 3140 792 3177 estv
807 3133 1030 3190 putandus.
1072 3152 1075 3154 ·
1587 3153 1594 3161 ·
2061 3159 2063 3161 -
2197 3155 2210 3160 --
2304 3156 2320 3163 ›-
