2757 3701
1375 254 1406 302 5

1236 324 1545 346 mm

347 435 904 493 posust=praestantisuiinus
939 424 1255 475 ille‘zlffleornm
1294 429 1348 473 ad
1385 430 1639 474 Herennium
1676 436 1826 473 auctor
1864 430 1904 483 4,
1932 429 2097 483 34,45:·
2134 428 2432 473 translatio

346 518 426 558 est,
456 523 590 568 quum
618 507 803 552 verbum
834 509 882 555 in
897 501 1257 566 quaa-dermmm
1283 503 1550 563 ‘tranfimut
1568 520 1630 548 ex
1656 502 1750 548 alia
1779 518 1841 554 re,
1876 502 1995 562 quod
2019 515 2201 563 propter
2226 502 2434 547 similitu-

347 579 493 624 dinem
534 591 645 625 recte
688 578 913 624 videbitur
949 582 1089 639 posse'
1119 576 1362 634 trarzfimi.
1444 579 1514 622 Ea
1556 579 1721 621 utimur
1764 578 1830 620 rei
1875 586 1980 619 ante
2018 574 2161 619 oculos
2199 573 2432 636 ponendae

346 669 478 697 causa
501 679 556 690 —-
577 686 590 703 ‚
625 653 844 696 brevitatis
865 667 1000 696 causa
1021 677 1075 687 —
1094 683 1108 702 ‚
1141 650 1442 695 obscoenitatis
1466 650 1678 694 vitandae
1702 666 1837 695 causa
1856 674 1910 683 -
1928 681 1942 700 ‚
1975 646 2169 708 augendi
2191 663 2320 690 causa
2339 673 2393 682 —
2413 681 2426 699 ,

347 724 570 769 minuendi
596 740 729 768 causa
759 752 813 760 —
833 759 847 776 ,
866 724 1073 769 'ornandi
1100 740 1234 768 causa
1268 750 1336 767 —.
1394 724 1444 767 In
1464 733 1547 781 qua
1565 727 1744 782 primum
1764 723 1871 766 illud
1891 722 2096 780 displicet,
2125 720 2258 778 quod,
2289 736 2432 776 quam-

347 811 474 854 quam
504 800 748 855 scriptorem
778 799 831 843 de
851 799 990 843 verbis
1021 813 1046 842 a
1075 799 1250 856 propria
1277 797 1578 856 significatione
1607 797 1661 840 ad
1690 813 1778 841 non
1807 798 2022 855 propriam
2052 793 2263 838 translatis
2294 792 2435 836 dicere

346 871 533 915 voluisse
572 872 758 929 exempla
794 873 976 932 singulis,
1019 885 1124 930 quas
1164 873 1319 930 posuit,
1358 870 1546 929 partibus
1582 871 1806 914 subiuncta
1834 867 2055 913 manifesto
2086 868 2257 919 docent,
2297 874 2436 909 tamen

346 947 437 1000 ipsa
465 945 654 988 definitio
684 949 753 988 vix
783 947 909 989 uuam
939 949 1029 989 eius
1058 948 1121 989 rei
1150 946 1493 1003 significationem
1522 946 1639 987 fecit:
1679 951 1721 986 at
1759 944 1942 999 aliquam
1972 945 2284 985 exornationem
2315 946 2435 996 parat

347 1025 469 1071 certe,
507 1017 627 1075 quod
657 1017 696 1070 4,
716 1020 786 1070 31,
809 1018 869 1061 42*
901 1019 1011 1063 idem
1039 1020 1305 1077 reliquarum,
1343 1018 1397 1062 de
1425 1018 1584 1075 quibus
1605 1017 1828 1061 dicendum
1848 1024 1969 1068 esset,
2000 1018 2319 1059 exornationum
2338 1027 2434 1055 ver-

345 1089 499 1133 borum
527 1091 690 1132 monuit
719 1093 935 1146 proprium
965 1106 1069 1145 esse,
1105 1102 1152 1136 ut
1188 1091 1248 1135 ab
1279 1093 1440 1135 usitata
1465 1088 1703 1134 verborum
1729 1098 1943 1148 potestate
1974 1088 2201 1132 recedatur
2223 1098 2354 1146 atque
2386 1089 2434 1129 in

345 1161 481 1204 aliam
512 1163 725 1204 rationem
753 1177 850 1204 cum
868 1161 1074 1222 aquadam
1103 1173 1331 1205 venustate
1358 1164 1500 1206 oratio
1530 1163 1792 1219 conferatur.
1855 1161 1944 1204 sed
1968 1163 2013 1203 in
2043 1174 2096 1204 eo
2126 1161 2316 1217 perfecto
2347 1172 2436 1201 non

347 1238 461 1278 omni
489 1237 794 1292 vituperatione
823 1235 1098 1279 vindicandus
1127 1243 1192 1278 est
1220 1238 1413 1292 scriptor,
1450 1235 1571 1291 quod
1598 1238 1864 1291 partitionem
1901 1248 2120 1276 causarum
2156 1236 2213 1276 ita
2250 1234 2437 1282 instituit,

346 1314 394 1351 ut
423 1315 465 1351 et
494 1323 576 1361 eas,
615 1323 725 1365 quae
764 1307 818 1351 ad
855 1306 1019 1351 diversa
1049 1296 1201 1366 genera
1228 1307 1472 1351 referendae
1509 1315 1638 1360 erant,
1677 1316 1887 1364 tamquam
1916 1320 2040 1364 pares
2071 1308 2354 1361 coniungeret,
2394 1311 2436 1346 et

345 1380 570 1425 nonnullas
601 1389 713 1425 certe
743 1389 897 1439 partes¹
911 1381 1037 1439 plane
1065 1383 1240 1424 intactas
1268 1380 1536 1437 relinqueret.

547 1453 824 1497 Ciceronis
862 1453 990 1497 multa
1031 1460 1129 1496 sunt
1168 1460 1211 1495 et
1250 1455 1412 1510 egregia
1454 1452 1508 1494 de
1545 1452 1752 1495 translatis
1791 1452 1931 1495 verbis
1953 1468 1958 1470 ’
1969 1460 2204 1508 praecepta,
2250 1464 2432 1507 quorum

347 1540 545 1565 summam
563 1529 678 1578 cogit
695 1528 804 1565 hanc
823 1527 943 1566 Orat.
963 1528 1034 1574 27,
1055 1528 1133 1565 92:
1163 1523 1437 1564 translata
1461 1539 1517 1564 ea
1537 1523 1633 1564 dico
1661 1524 1843 1576 (verba),
1873 1539 1986 1581 quae
2007 1538 2089 1580 per
2107 1522 2433 1565 similimdinem

346 1593 404 1637 ab
435 1593 526 1636 alia
558 1609 604 1635 re
634 1603 711 1636 aut
743 1595 966 1637 suavitatis
1000 1602 1078 1635 aut
1104 1594 1279 1651 inopiae
1308 1607 1441 1634 causa
1474 1591 1807 1645 transferuntur.
1871 1593 1997 1648 Quae
2033 1597 2271 1649 quam'vim
2305 1595 2434 1636 habe-

348 1673 428 1719 ant,
459 1666 760 1723 elegantissima
789 1665 1071 1722 disputatione
1100 1665 1280 1708 illustrat
1308 1664 1363 1707 de
1393 1671 1496 1707 orat.
1529 1666 1569 1717 3,
1589 1666 1660 1717 38,
1685 1666 1786 1708 155:
1824 1667 1974 1708 tertius
2003 1664 2077 1709 ille
2106 1664 2258 1709 modus
2288 1676 2436 1709 trans-

331 1737 517 1792 ferendi
541 1737 672 1781 verbi
701 1737 787 1780 late
811 1746 951 1796 patet,
993 1752 1122 1796 quem
1156 1738 1386 1779 necessitas
1415 1738 1580 1794 genuit,
1626 1738 1778 1796 inopia
1813 1747 1964 1781 coacta
2003 1747 2047 1781 et
2073 1740 2300 1798 angustiis,
2335 1749 2436 1798 post

347 1821 491 1854 autem
518 1810 744 1854 delectatio
772 1809 1098 1868 iucunditasque
1127 1808 1373 1851 celebravit.
1436 1811 1510 1861 (V.
1531 1808 1583 1852 C.
1602 1809 1689 1851 Jul.
1709 1811 1862 1852 Victor
1881 1817 1955 1852 art.
1976 1811 2130 1853 rhetor.
2154 1815 2257 1853 c.20
2287 1815 2435 1868 p.251,

349 1885 403 1930 27
426 1899 517 1940 sqq.
548 1883 613 1926 ed.
645 1883 778 1927 Orell.
810 1890 852 1926 et
874 1883 1002 1925 Mart„
1034 1881 1197 1938 Capell.
1227 1881 1282 1925 de
1310 1888 1428 1938 nupt.
1458 1882 1555 1937 phil.
1578 1883 1616 1935 5,
1647 1883 1782 1938 §.512
1820 1899 1861 1939 p.
1875 1882 1961 1926 440
1999 1883 2065 1926 ed.
2095 1885 2258 1940 Kopp.)
2320 1887 2434 1925 Nam

347 1967 393 2000 ut
423 1958 558 2000 vestis
573 1956 761 2015 frigoris
791 1952 1037 2015 depellendi
1065 1970 1197 1998 causa
1228 1965 1401 2013 reperta
1432 1956 1595 2015 primo,
1626 1965 1730 2014 post
1765 1954 1967 1998 adhiberi
1997 1966 2149 2015 coepta
2176 1966 2241 2000 est
2269 1956 2332 1999 ad
2358 1972 2435 1999 οι·-

346 2040 498 2074 natum
522 2031 655 2073 etiam
678 2031 877 2087 corporis.
897 2038 939 2070 et
965 2026 1242 2086 dignitatem.-
1274 2029 1335 2070 sic
1359 2027 1492 2071 verbi
1514 2027 1743 2071 translatio
1771 2030 1970 2072 instituta
1995 2039 2061 2073 est
2086 2030 2261 2090 inopiae
2285 2045 2432 2079 causa,

331 2104 621 2162 frequentata
663 2100 971 2144 delectationis.
1036 2103 1152 2142 Nam
1185 2114 1406 2158 gemmare
1442 2102 1571 2150 vites,
1620 2099 1838 2142 luxuriem
1873 2116 1966 2144 esse
2009 2104 2057 2146 in
2094 2102 2255 2154 herbis,
2300 2103 2437 2148 laetas

346 2185 504 2233 segetes
540 2177 673 2216 etiam
710 2176 858 2217 rustici
877 2172 1057 2216 dicunt.
1121 2172 1247 2230 Quod
1281 2175 1397 2215 enim
1429 2172 1646 2216 declarari
1678 2176 1767 2215 vix
1806 2174 1945 2216 verbo
1978 2178 2158 2234 proprio
2184 2186 2344 2234 potest,
2387 2176 2437 2217 id

347 2246 555 2290 translato
592 2263 724 2307 quum
756 2257 820 2289 est
860 2244 1035 2296 dictum,
1076 2244 1262 2288 illustrat
1301 2243 1362 2295 id,
1405 2240 1540 2305 quod'
1558 2245 1742 2303 intelligi
1782 2245 1996 2296 volumus,
2042 2250 2133 2290 eius
2176 2251 2256 2297 rei,
2302 2264 2435 2306 quam

347 2318 489 2363 alieno
520 2317 657 2362 verbo
688 2319 927 2379 posuimus,
963 2315 1213 2361 similitudo.
1276 2316 1392 2378 Ergo
1416 2316 1499 2362 hae
1529 2317 1832 2363 translationes
1854 2320 1982 2379 quasi
2005 2322 2292 2365 mutuationes
2317 2333 2432 2371 sunt,

348 2409 494 2451 quum,
537 2391 656 2451 quod
683 2407 771 2435 non
799 2391 978 2441 habeas,
1027 2390 1203 2434 aliunde
1237 2407 1397 2434 sumas.
1459 2390 1573 2435 Illae
1599 2392 1733 2451 paulo
1764 2391 2032 2443 audaciores,
2069 2409 2182 2453 quae
2213 2409 2304 2437 non
2336 2397 2435 2437 ino-

343 2466 466 2523 piam
504 2464 714 2514 indicant‚
757 2463 836 2507 sed
867 2465 1058 2506 orationi
1091 2462 1332 2522 splendoris
1371 2463 1542 2523 aliquid
1575 2476 1812 2507 arcessunt.
1874 2466 1983 2508 Nam
2021 2467 2143 2522 quod
2172 2467 2273 2510 ibid.
2304 2469 2343 2517 3,
2367 2467 2435 2517 43,

352 2536 434 2583 170
455 2542 495 2579 et
515 2538 727 2579 verissime
748 2536 847 2579 dicit
877 2543 918 2582 et
948 2535 1245 2594 pulcherrime:
1277 2535 1532 2580 translatum
1557 2536 1744 2580 verbum
1772 2549 1996 2599 tamquam
2021 2538 2153 2583 stellis
2173 2538 2435 2598 quibusdam

349 2619 470 2653 notat
498 2619 542 2652 et
572 2608 787 2651 illuminat
818 2612 1071 2653 orationem.
1131 2611 1251 2654 Haec
1279 2610 1507 2667 similiaque
1535 2612 1593 2653 ita
1613 2618 1711 2654 sunt
1731 2611 1952 2668 disputata,
1983 2619 2030 2653 ut
2050 2611 2304 2656 Ciceronem
2325 2628 2435 2670 quo-

350 2698 434 2739 que
471 2683 778 2726 translationem
818 2687 881 2725 ex]
906 2683 1006 2726 loco
1042 2686 1219 2742 proprio
1257 2687 1302 2727 in
1339 2699 1444 2736 eum,
1482 2686 1557 2740 qui
1594 2698 1682 2726 non
1718 2691 1828 2726 esset
1865 2686 2074 2740 proprius,
2113 2685 2210 2728 fieri
2247 2687 2435 2730 voluisse

350 2758 619 2801 certissimum
658 2759 720 2800 sit.
779 2757 836 2799 At
873 2756 980 2801 illud
1017 2760 1166 2800 mirum
1203 2758 1402 2812 videatur,
1443 2756 1566 2815 quod*
1603 2771 1708 2814 quas
1747 2759 1998 2815 grammatici
2041 2758 2182 2803 solent
2222 2761 2435 2819 appellare

350 2828 709 2889 καταχρήσεις,
746 2832 808 2874 his
845 2830 1015 2887 quidem
1053 2832 1250 2889 exemplis
1280 2839 1443 2889 praeter
1472 2830 1820 2874 consuetudinem
1850 2834 2064 2875 communi
2092 2833 2169 2876 illo
2199 2834 2436 2878 translatio-

349 2918 447 2946 num
483 2907 652 2948 nomine
690 2904 932 2961 complexus
968 2904 1094 2947 fuerit
1124 2904 1292 2950 Cicero.
1351 2906 1509 2960 Nempe
1545 2903 1641 2947 illac
1677 2905 1766 2947 fere
1803 2907 1973 2962 inopiae
2003 2920 2133 2949 causa
2160 2907 2255 2949 fieri
2285 2908 2435 2951 solent.

349 2977 500 3033 Neque
529 2992 634 3021 vero
665 2977 848 3021 obscura
876 2985 974 3022 sunt
1003 2981 1361 3037 grammaticorum
1398 2977 1451 3020 de
1486 2979 1709 3036 utriusque
1739 2981 1902 3036 generis
1933 2979 2168 3024 discrimine
2198 2989 2433 3040 praecepta,

353 3064 459 3107 quae
496 3064 584 3093 uno
615 3051 749 3094 verbo
789 3054 1126 3096 commemoravit
1163 3065 1396 3110 anonymus
1433 3050 1505 3094 ille
1539 3051 1769 3095 walzianus
1799 3052 1825 3095 l.
1848 3069 1883 3096 c.
1913 3053 2134 3097 Votvm.
2165 3056 2323 3114 p.780:
2357 3072 2431 3111 με·

350 3123 513 3182 τηφοροί
548 3124 627 3168 ἔστι
665 3124 773 3182 λέξις
810 3123 892 3171 dre*
931 3127 1001 3170 τοῦ
1032 3127 1167 3183 κυρίως
1198 3123 1474 3181 ὦνομισμένου
1516 3125 1580 3184 ἐφ’
1616 3125 1737 3184 ἕτερον
1770 3127 2010 3185 drapum
2018 3127 2118 3172 ἕνον
2159 3124 2432 3184 μιτηνεγμένη.

351 3196 608 3243 Articulatim
644 3195 937 3242 discernuntur
976 3198 1047 3243 illa
1088 3198 1202 3257 apud
1239 3197 1439 3255 Quinctil.
1477 3198 1577 3244 lust.
1626 3205 1730 3243 orat.
1761 3201 1802 3254 8,
1825 3200 1864 3256 6,
1886 3202 1962 3246 35:
2002 3196 2329 3245 discemendam
2369 3209 2435 3243 est
