2757 3701
1335 243 1401 298 25

325 424 516 475 videant,
547 427 626 486 qui
652 438 809 472 omnes¹
829 422 1002 468 eosdem
1035 420 1197 485 volunt
1209 422 1366 476 flores,
1410 435 1518 482 quos
1540 419 1719 467 acUzibet
1748 430 1900 465 orator
1923 423 1972 465 in
1996 424 2153 473 οαωιὶς,
2181 424 2405 482 persequi.

325 497 416 543 Sed
437 497 519 543 boc
544 496 763 557 defletum,
793 494 927 558 quod,
959 510 1094 555 quum
1122 497 1180 543 sit
1205 496 1259 539 iis
1283 497 1553 556 pmposimm
1582 510 1674 539 non
1690 493 1951 555 perturbate
1978 498 2162 546 animos,
2201 493 2284 539 sed
2300 493 2409 554 pla-

325 558 442 622 cam*
466 574 624 632 potius,
671 586 751 622 nec
789 581 882 624 tam
915 564 1357 629 pemuadem-aquam
1392 568 1686 618 delectare,
1738 577 1783 610 et
1822 570 2066 626 apertius
2102 568 2407 622 idfaciunt

325 659 477 703 quam
505 659 598 693 nos
624 653 678 690 et
713 642 975 699 crebrius,
1011 641 1247 687 concinnae
1281 643 1419 700 magis
1456 643 1689 685 sententias
1719 641 1958 698 exquirunt
1983 654 2117 699 quam
2138 640 2402 698 probabiles,

324 731 356 760 a
393 730 440 765 re
468 729 598 774 saepo
630 712 871 766 discedat&
913 715 1118 765 intexunt
1139 712 1343 771 fabulas,
1390 712 1561 757 verba
1592 714 1829 773 apertius
1867 711 2231 766 transferunt,
2271 728 2406 771 eaque

325 790 390 831 ita
412 786 660 846 ᾰίφοηωιτ,
689 797 737 832 ut
758 789 945 848 pictores
969 789 1233 839 varietatem
1256 785 1463 837 colonam,
1490 786 1624 846 paria
1647 784 1828 845 paribus
1853 786 2059 841 referunt,
2090 783 2276 829 advena
2301 799 2410 828 con-

324 859 486 911 tmn'is,
510 861 838 920 saepissimeque
857 859 1057 915 similiter
1079 853 1279 904 mrem
1300 858 1526 919 defim'unt.
1566 860 1677 901 Huic
1693 859 1846 917 generi
1865 857 2003 900 histo
2014 856 2304 917 riafinitima
2323 867 2404 908 est,

324 934 373 972 in
398 947 486 990 qua
508 942 552 976 et
580 943 790 976 nar-meur.
808 943 964 982 ‚omate
989 944 1033 976 et
1057 935 1173 992 regio
1195 949 1324 993 saepe
1345 943 1424 975 aut
1437 947 1589 992 pugna
1612 929 1888 973 describitur.-
1919 932 2252 989 interponuntur
2273 933 2410 974 etiam

323 1005 544 1049 conciones
576 1015 620 1049 et
644 1003 929 1059 hortanones,
969 1004 1050 1051 sed
1080 1009 1130 1051 in
1158 1004 1226 1050 his
1256 1016 1397 1055 tracta
1423 1002 1642 1065 quaedam
1671 1013 1714 1046 et
1730 1004 1884 1059 fluens
1913 1005 2145 1062 eapetitur,
2181 1020 2272 1048 non
2296 1002 2407 1047 haec

323 1085 519 1129 contorta
546 1085 591 1121 et
617 1078 730 1126 actis
757 1079 915 1145 oratio.
977 1078 1051 1124 Ab
1083 1077 1166 1129 his
1194 1094 1302 1124 non
1330 1076 1495 1144 multo
1521 1091 1667 1121 secus
1696 1090 1850 1138 quam
1877 1091 1908 1119 a
1933 1077 2108 1136 poetis
2138 1074 2268 1120 haec
2291 1074 2408 1120 elo-

324 1149 560 1206 quentia,
594 1162 749 1205 quam
776 1151 1089 1205 quaerimus,
1120 1149 1420 1193 revocanda
1449 1160 1542 1194 est.
1597 1149 1722 1191 Adde
1752 1149 1806 1190 de
1836 1156 1940 1190 orat.
1971 1153 2012 1199 2,
2034 1151 2101 1199 12,
2122 1151 2174 1190 51
2195 1164 2287 1204 sqq.
2334 1151 2409 1189 At·

324 1233 565 1276 quuae
575 1218 746 1286 tradidit
775 1218 931 1266 Cicero
959 1219 1207 1265 scribendae
1233 1222 1431 1266 historiae
1458 1229 1695 1278 praecepta,
1732 1237 1782 1264 ea
1817 1220 2011 1277 profecto
2050 1219 2301 1263 observasse
2330 1235 2410 1276 pu-

323 1291 477 1337 tandus
499 1298 563 1337 est
583 1294 627 1337 in
640 1293 692 1336 iis
712 1290 844 1346 libris,
872 1306 984 1350 quos
1001 1299 1044 1337 et
1056 1292 1185 1338 latine
1208 1299 1251 1337 et
1279 1306 1429 1351 graece
1459 1292 1514 1338 de
1543 1293 1768 1337 consulatu
1797 1307 1877 1336 suo
1910 1294 2158 1351 composuit.
2218 1293 2327 1336 Nam
2357 1292 2411 1336 ad

322 1367 506 1408 Atticum
544 1358 731 1421 quidem*
750 1368 915 1423 scripsit
946 1370 984 1418 2,
1010 1368 1054 1408 1:
1092 1368 1219 1407 Meus
1251 1375 1408 1418 ,autem
1445 1365 1559 1409 liber
1593 1369 1761 1423 (graece
1792 1366 1845 1409 de
1876 1366 2101 1409 consulatu
2131 1368 2410 1422 compositus)

321 1448 456 1481 totam
485 1440 674 1481 Isocrati
702 1437 928 1494 μυροθῆιαον
961 1446 1090 1497 atque
1122 1450 1271 1479 omnes
1299 1439 1396 1489 eius,
1419 1436 1726 1495 discipulorum
1754 1437 1926 1478 arculas
1960 1452 2015 1478 ac
2043 1437 2246 1479 nonnihil
2272 1439 2407 1479 etiam

322 1509 573 1557 Aristotelia
596 1511 828 1568 pigmenta
847 1511 1122 1568 consumpsit.
1175 1508 1345 1559 Scilicet
1360 1508 1567 1565 ‚placebat
1594 1509 1655 1552 illi
1684 1507 2059 1565 ἀνθηρογρωῲεῒσθωι
2088 1516 2129 1550 et
2158 1511 2203 1551 in
2231 1524 2406 1566 geogra-

322 1581 456 1638 phicis
483 1579 602 1629 libris
638 1578 713 1635 (ad
740 1582 824 1631 Att.
855 1584 895 1636 2,
914 1581 964 1634 6)
990 1587 1034 1624 et
1068 1582 1114 1625 in
1140 1580 1359 1623 historicis.
1418 1580 1484 1623 Ac
1518 1581 1624 1622 tanti
1650 1582 1731 1622 viri
1750 1575 1808 1622 'et
1846 1585 2072 1635 praecepta
2100 1587 2143 1622 et
2172 1582 2407 1638 exemplum

323 1652 418 1696 fieri
446 1666 534 1705 non
562 1654 713 1708 potuit,
744 1653 847 1708 quin
873 1651 1068 1708 plerique
1099 1665 1256 1703 omnes,
1287 1652 1363 1707 qui
1390 1665 1529 1693 rerum
1559 1658 1766 1707 gestarum
1795 1653 2034 1694 memoriam
2062 1650 2209 1695 litteris
2238 1654 2408 1697 manda-

323 1732 431 1779 runt,
469 1723 770 1769 studiosissime
808 1729 1103 1783 sequerentur;
1139 1726 1283 1781 itaque
1311 1724 1466 1767 factum
1504 1730 1579 1777 est,
1619 1730 1666 1766 ut
1705 1725 1780 1781 qui
1807 1724 2043 1781 floruerunt
2071 1728 2310 1782 posteriore
2339 1742 2408 1772 ae-

322 1806 406 1842 tate
435 1800 542 1842 inter
570 1799 786 1841 Romanos
815 1811 955 1841 rerum
984 1799 1224 1854 scriptores,
1260 1799 1388 1854 magis
1417 1799 1630 1855 magisque
1662 1796 1931 1840 deflecterent
1960 1798 2155 1855 plerique
2184 1799 2238 1843 ab
2260 1802 2410 1858 insigni

323 1872 395 1915 illa
423 1871 627 1915 modestia
657 1870 708 1915 C.
735 1870 834 1913 Iulii
864 1868 1069 1921 Caesaris,
1099 1872 1175 1926 qui
1204 1877 1246 1912 et
1273 1885 1431 1926 paucas
1461 1878 1504 1914 et
1532 1878 1596 1913 sat
1623 1871 1882 1913 verecundas
1912 1880 2188 1927 usurpaverat
2217 1874 2405 1916 vocabu-

323 1944 462 1988 lorum
490 1943 791 1987 translationes.
852 1940 939 1985 Sed
968 1943 1134 1985 manum
1165 1940 1218 1984 de
1247 1940 1402 1985 tabula.

1184 2091 1408 2142 CAPUT
1446 2093 1537 2142 111.

324 2207 541 2241 VOCABULA
565 2207 713 2239 mnu
735 2205 984 2238 umanum
1001 2205 1187 2237 PROPRIA
1209 2207 1255 2236 m
1277 2207 1353 2237 us
1379 2207 1500 2238 ALIAs
1522 2208 1712 2238 Emsmm
1734 2209 1911 2239 GENERIS
1926 2210 1954 2239 A
1971 2209 2128 2240 cunno
2146 2211 2404 2244 mansura.

521 2307 598 2349 His
634 2307 751 2348 iactis
780 2303 1058 2349 fundamentis
1086 2305 1168 2347 iam
1198 2303 1446 2347 accedamus
1476 2305 1531 2347 ad
1560 2320 1662 2358 eam,
1693 2321 1817 2362 quam
1846 2307 1970 2349 nobis
1999 2311 2313 2364 proposuimus,
2346 2311 2406 2353 de

325 2369 569 2423 curtiano
600 2377 1002 2421 translationum
1031 2390 1129 2419 usu
1158 2379 1567 2429 commentationem;
1598 2393 1684 2435 qua
1710 2394 1841 2435 quum
1868 2387 1909 2423 et
1933 2380 2260 2425 luculentissima
2279 2398 2408 2439 quae-

324 2464 409 2506 que
438 2449 746 2494 vocabulorum
783 2449 1077 2493 translatorum
1114 2448 1229 2505 apud
1259 2449 1454 2494 Curtium
1484 2452 1670 2509 exempla
1699 2452 1878 2495 collecta
1907 2459 1949 2494 et
1979 2466 2059 2495 suo
2092 2452 2241 2496 ordine
2271 2454 2408 2498 distri-

321 2522 426 2567 buta
454 2536 722 2578 proposuero
754 2530 796 2567 et
825 2521 980 2565 collato
1013 2524 1267 2578 optimorum
1297 2538 1565 2582 quorumque
1594 2528 1638 2569 in
1668 2525 1818 2570 eodem
1849 2540 2000 2582 genere
2037 2529 2285 2583 scriptorum
2323 2542 2406 2570 usu

321 2595 596 2647 illustravero,
625 2601 713 2638 tum
731 2594 879 2638 licebit
893 2597 1122 2650 aestimare,
1152 2611 1241 2654 quo
1263 2600 1432 2642 nomine
1463 2600 1552 2641 eius
1582 2601 1791 2656 ingenium
1817 2598 2099 2654 iudiciumque
2119 2600 2196 2641 hac
2215 2602 2258 2642 in
2278 2615 2409 2645 causa

323 2676 395 2716 aut
411 2666 666 2711 laudandum
695 2682 787 2710 esse
805 2667 997 2711 videatur
1016 2676 1089 2713 aut
1105 2670 1438 2727 vituperandum.
1499 2669 1699 2714 Ceterum
1729 2686 1823 2713 eum
1854 2684 2077 2726 sequemur
2107 2670 2405 2729 disputationis

324 2741 525 2794 ordinem,
555 2755 680 2798 quem
709 2747 891 2786 extremo
923 2743 1058 2798 capite
1087 2744 1223 2799 primo
1255 2743 1561 2795 delineavimus‚
1597 2751 1643 2786 ut
1673 2750 1873 2798 quattuor
1901 2743 2222 2789 translationum
2254 2761 2408 2804 genera

324 2820 524 2871 quattuor
562 2816 913 2865 commentationis
951 2814 1160 2873 capitibus
1191 2815 1586 2874 comprehendamus
1616 2822 1658 2858 et
1697 2818 1733 2859 si
1770 2818 1905 2859 minus
1935 2819 2051 2860 omni
2081 2832 2134 2861 ex
2163 2828 2281 2876 parte
2310 2820 2405 2864 illu-

324 2893 460 2938 strata‚
492 2895 616 2940 certe,
647 2895 847 2945 quantum
865 2886 959 2932 fieri
986 2890 1134 2945 possit,
1165 2889 1407 2933 adumbrata
1434 2902 1732 2945 proponamus.
1791 2889 1845 2931 Et
1873 2889 1957 2932 hoc
1971 2890 2157 2946 ‚quidem
2187 2895 2324 2949 capite
2353 2893 2408 2937 de

325 2973 376 3002 eo
406 2973 558 3017 genere
589 2962 667 3003 erit
696 2959 929 3013 dicendum,
965 2974 1060 3017 quo
1082 2962 1128 3004 in
1154 2961 1285 3006 rebus
1315 2960 1557 3005 animalibus
1588 2960 1703 3004 aliud
1730 2975 1811 3018 pro
1844 2961 1926 3004 alio
1958 2965 2145 3019 ponitur:
2183 2964 2407 3009 dicendum

326 3034 401 3075 erit
430 3038 579 3083 autem,
609 3039 657 3074 ut
685 3031 873 3086 diximus,
902 3034 1119 3089 tripartito.

522 3103 560 3160 §.
581 3105 616 3144 1.
677 3103 860 3152 Primum
879 3104 1239 3155 considerandum
1267 3106 1354 3156 erit,
1384 3105 1423 3146 si
1449 3104 1560 3148 forte
1580 3104 1793 3149 vocabula
1815 3106 2030 3157 hominum
2057 3113 2229 3167 propria
2248 3126 2271 3151 a
2292 3108 2399 3150 Cur-

324 3179 385 3221 tio
425 3176 479 3220 de
511 3175 654 3220 bestiis
691 3182 893 3232 usurpata
934 3179 1025 3220 sint.
1084 3178 1146 3230 Ιιι
1172 3191 1258 3234 quo
1295 3190 1447 3234 genere
1482 3192 1614 3223 unum
1649 3178 1757 3223 illud
1796 3181 2028 3239 exemplum
2064 3184 2211 3225 eminet
2250 3182 2289 3232 8,
2325 3178 2401 3234 49,

1992 3259 2029 3296 1)
