2757 3701
1369 249 1400 296 6

337 427 419 470 hoc
447 435 582 469 totum
605 440 636 467 a
662 422 948 478 translatione
971 436 1122 483 genus,
1156 425 1264 480 quia
1292 423 1484 468 abusio
1513 433 1594 474 est,
1612 423 1707 469 aba·
1735 437 1927 468 nomen
1954 420 2150 479 defuit,
2184 425 2426 470 transla-

338 502 436 551 tio,
474 498 552 541 ubi
587 494 743 541 aliud
763 496 901 553 fuit.
965 496 1048 542 Cui
1083 498 1234 538 iterum
1271 496 1447 541 accedat
1481 500 1765 543 testimoninm
1800 496 2043 554 Tryphonis
2080 495 2162 541 Lc.
2191 515 2233 555 p.
2249 500 2349 552 732,
2378 501 2425 544 εἷς

336 568 511 629 διαφέρει
545 567 589 615 δὲ
625 568 844 630 μεταφοροὶ
869 567 938 615 καὶ
973 566 1233 626 κατοίχρησις,
1264 567 1322 614 ὅτι
1356 572 1380 618 ἦ
1416 568 1491 628 μὶν
1527 569 1802 631 μεταφορὰ
1833 566 1927 615 oiri
1959 570 2425 630 κατονομαζομένου

337 643 409 689 ἐπὶ
449 640 917 702 κατονομαζέμενον
956 640 1131 699 λέγεται,
1172 640 1288 691 ἡδὶ
1338 642 1661 704 κατάχρπσις
1701 641 1797 691 aix&
1838 643 2306 704 κατονομαζομένου
2350 643 2428 690 ἐπὶ

337 715 753 773 ἀκατονόμαστον,
784 729 893 771 quae
911 718 1077 770 repetiit
1096 730 1146 757 ex
1164 723 1285 772 parte
1305 730 1543 774 anonymus
1571 719 1600 761 1.
1621 733 1656 761 e.
1676 718 1826 774 p.717,
1847 720 1874 758 2
1895 730 1958 771 sq.
1989 724 2032 759 et
2054 717 2266 774 Georgius
2285 717 2427 761 Choe-

338 791 547 834 roboscus
576 791 602 832 1.
625 804 658 831 c.
679 804 720 844 p.
733 789 830 839 807,
850 788 876 834 7
897 802 959 843 sq.
1021 787 1119 831 Vid.
1150 789 1291 846 Sosip.
1324 789 1486 834 Charis.
1516 790 1670 847 p4244,
1697 794 1749 833 10
1769 804 1829 846 sq.
1879 790 1938 841 Ρ.,
1968 788 2164 833 Diomed.
2195 806 2236 847 p.
2250 790 2349 842 451,
2369 792 2426 834 39

339 879 430 920 sqq.
461 866 517 915 Ρ.,
547 862 692 905 Isidor.
722 863 841 918 Hisp.
872 861 990 919 Orig.
1026 865 1062 914 1,
1083 863 1154 914 36,
1176 864 1203 905 6
1232 879 1273 919 p.
1286 864 1341 907 56
1356 865 1404 905 L.
1463 866 1689 909 Enimvero
1723 867 1766 906 in
1802 864 1881 905 hae
1917 876 2046 905 causa
2079 876 2170 905 non
2208 865 2428 908 Ciceronis

339 938 540 993 quaedam
570 934 779 991 culpanda
808 943 871 978 est
899 935 1159 992 negligentia,
1190 940 1264 992 qui
1294 951 1403 992 quae
1434 945 1545 981 esset
1574 935 1834 993 κατοίχρηο-ις,
1870 937 1983 980 bene
2011 943 2189 979 noverat
2217 938 2276 988 (v.
2307 937 2427 980 Orat.

338 1010 406 1062 27,
428 1008 515 1064 94),
546 1007 622 1053 sed
652 1010 1010 1067 grammaticorum
1040 1011 1183 1066 potius
1213 1024 1457 1066 perversum
1487 1010 1727 1055 subtilitatis
1758 1008 1953 1062 studium,
1991 1011 2066 1066 qui
2101 1009 2205 1054 nihil
2234 1017 2427 1054 curantes

338 1098 475 1127 veram
513 1090 554 1127 et
592 1084 811 1141 genuinam
839 1084 923 1127 vim
952 1082 1153 1128 vocabuli
1190 1083 1420 1128 simulatam
1457 1083 1666 1141 quandam
1703 1091 1745 1129 et
1784 1083 1966 1129 fucatam
2001 1084 2189 1128 notionis
2224 1084 2427 1128 rationem

337 1158 579 1201 intulerunt.
638 1159 802 1200 Etenim
832 1159 925 1214 quis
955 1157 1108 1200 infitias
1139 1164 1217 1211 eat,
1248 1172 1324 1214 per
1355 1157 1613 1211 abusionem,
1644 1172 1769 1214 quam
1799 1157 1955 1209 dicunt,
1985 1158 2225 1214 saepissime
2248 1170 2336 1201 non
2355 1158 2427 1199 ha-

338 1230 537 1272 bentibus
568 1244 721 1272 nomen
751 1245 873 1272 suum
903 1230 1262 1273 accommodatum
1291 1245 1385 1272 esse
1419 1234 1731 1287 propinquum?
1789 1232 1845 1273 At
1882 1230 2074 1287 profecto
2105 1244 2193 1272 non
2220 1231 2284 1272 his
2314 1230 2427 1272 solis.

338 1304 459 1354 Nam,
497 1304 615 1358 quod
652 1304 960 1358 Quinctilianus
1003 1305 1030 1346 l.
1052 1321 1086 1346 c.
1124 1307 1337 1346 verissime
1376 1304 1602 1355 admonuit,
1633 1309 1791 1362 poc-'tae
1826 1303 1966 1344 solent
2002 1303 2177 1346 abusive
2206 1307 2340 1345 etiam
2381 1307 2427 1344 in

337 1373 404 1417 his
445 1375 585 1424 rebus,
624 1374 780 1434 quibus
811 1377 991 1418 nomina
1018 1392 1098 1419 sua
1125 1386 1238 1424 sunt,
1282 1377 1441 1417 vicinis
1466 1376 1611 1433 potius
1643 1377 1709 1416 uti
1715 1392 1729 1414 .·
1768 1372 1891 1432 quod
1923 1388 2073 1417 mrum
2107 1377 2155 1417 in
2180 1389 2315 1433 pmsa
2343 1383 2423 1415 est.

336 1444 448 1487 Idem
480 1445 593 1487 cadit
620 1449 664 1487 in
691 1446 940 1503 μεταφοραῖς,
977 1459 1086 1501 quae
1124 1460 1252 1501 quum
1290 1446 1396 1488 fiant
1424 1446 1674 1502 plerumque
1693 1447 1737 1488 in
1766 1445 1896 1489 rebus
1926 1448 1989 1498 iis,
2027 1460 2132 1502 quas
2168 1447 2346 1502 proprio
2386 1452 2427 1489 et

335 1532 413 1559 suo
445 1517 658 1559 vocabulo
691 1517 903 1572 appellare
932 1517 1100 1568 licebat,
1128 1531 1432 1571 nonnunquam
1457 1525 1596 1560 tamen
1624 1532 1714 1561 non
1742 1518 1993 1560 habentibus
2022 1531 2178 1560 nomen
2206 1532 2329 1559 suum
2357 1532 2425 1560 ac·

334 1589 667 1635 commodantur.
726 1590 782 1630 V.
810 1589 992 1645 Dionys.
1023 1588 1116 1630 Hal.
1147 1586 1230 1646 περὶ
1256 1588 1461 1635 συνθέσεως
1495 1585 1690 1643 ὂνομοίτων
1721 1591 1842 1630 c.21:
1875 1586 1954 1644 ἐγὼ
1982 1589 2111 1644 μέντοι
2141 1587 2320 1645 κυρίοις
2347 1589 2426 1633 ὄνό-

337 1682 463 1722 μασιν
491 1662 561 1708 οὐκ
588 1659 693 1718 ἔχων
719 1658 848 1710 αὐτοὶς
873 1658 963 1717 (τοίς
986 1659 1183 1722 διαφοραῖς
1203 1660 1270 1711 τῆς
1292 1658 1512 1716 συνθέσεως)
1538 1662 1861 1719 προσαγορεῦσαι,
1886 1663 1944 1709 ὠς
1966 1659 2426 1719 ὥκατονομαῖστους,

338 1740 696 1795 μεταφορικοῖς
733 1733 944 1791 ὀνόμασι
978 1736 1108 1780 καλῶ.
1168 1736 1280 1777 Miro
1317 1737 1441 1791 igitur
1478 1737 1666 1776 acumine
1701 1735 1762 1775 illi
1798 1736 1842 1775 in
1872 1733 2112 1777 definienda
2139 1733 2427 1794 καταχρήσως

337 1818 545 1869 potestate
563 1824 651 1852 non
665 1809 771 1852 illud
795 1812 964 1865 sequuti
993 1815 1100 1860 sunt,
1131 1807 1250 1863 quod
1279 1809 1498 1862 proprium
1529 1815 1591 1850 est
1619 1806 1820 1849 vocabuli
1838 1808 1961 1862 eique
1986 1810 2108 1863 quasi
2131 1810 2328 1863 innatum,
2349 1811 2425 1854 sed

336 1884 623 1927 secundariam
669 1883 876 1937 quandam
922 1897 1010 1924 rem
1053 1887 1360 1937 expresserunt,
1406 1879 1678 1922 adventiciam
1726 1879 1837 1921 illam
1888 1887 1929 1921 et
1972 1887 2188 1924 externam.
2247 1884 2424 1939 Propria

339 1966 476 2000 autem
506 1963 547 1997 et
576 1957 769 2009 primaria
798 1954 999 1996 vocabuli
1028 1955 1090 1995 vis
1126 1967 1207 1994 nec
1245 1951 1429 1994 obscura
1468 1960 1531 1995 est
1560 1960 1735 2010 propter
1765 1951 1994 2008 expeditam
2025 1956 2192 2009 originis
2221 1958 2424 1998 rationem

341 2036 383 2072 et
414 2027 610 2084 exemplis
649 2025 812 2068 idoneis
848 2025 1045 2069 illustrari
1080 2031 1231 2081 potest.
1292 2025 1393 2066 Non
1431 2024 1622 2082 ambigua
1659 2032 1771 2067 certe
1800 2024 1905 2067 haec
1934 2032 2032 2067 sunt
2060 2026 2279 2082 Apollonii
2308 2027 2423 2084 Dys—

339 2103 424 2143 coli
454 2099 536 2155 περὶ
567 2097 783 2157 συντοίξεως
829 2103 865 2149 1,
888 2102 914 2139 2
943 2113 983 2153 p.
999 2098 1037 2147 4,
1061 2099 1135 2139 26:
1181 2096 1704 2154 καταχρηστικώτερον
1744 2096 1789 2140 αἱ
1818 2097 2154 2155 μονογροίμματοι
2192 2099 2425 2158 ι’κφωνῆσεις

336 2171 550 2222 συλλαβαὶ
575 2172 744 2229 εἴρηνται.
783 2173 837 2213 Et
860 2167 941 2225 περὶ
967 2168 1231 2228 ἐπιῤῥημοίτων
1256 2186 1297 2225 p.
1314 2173 1412 2221 531,
1437 2172 1510 2216 17:
1542 2188 1672 2213 κατα
1678 2169 2061 2228 χρηστικώτερον
2086 2171 2140 2216 τοὶ
2163 2174 2331 2217 τοιαῦτα
2355 2174 2425 2228 (va)

336 2243 629 2301 σχετλιαστικοί
652 2242 720 2288 καὶ
745 2242 955 2297 εύαστικοί)
982 2241 1227 2302 ἔπιρῤἦματα
1258 2239 1456 2298 εἰρήσεται,
1489 2239 1519 2299 ᾧ
1542 2238 1655 2299 λόγῳ
1680 2239 1748 2286 κα)
1773 2243 1817 2287 αἱ
1838 2243 2172 2301 μονογροίμματοι
2197 2247 2423 2297 συλλαβαί,

340 2322 408 2364 οὐκ
434 2317 544 2363 οὖσαι
573 2316 796 2376 συλλήψεις
819 2315 1033 2374 στοιχείων.
1093 2316 1217 2360 Adde
1247 2315 1388 2359 Schol.
1420 2317 1528 2358 Ven.
1559 2316 1606 2358 B.
1637 2323 1680 2359 et
1708 2317 1822 2373 Lips.
1852 2317 1906 2361 ad
1934 2317 1983 2361 ll.
2005 2336 2045 2371 α,
2080 2321 2163 2363 159
2183 2335 2224 2375 p.
2242 2320 2293 2366 17
2315 2320 2422 2363 Bkk.

339 2403 379 2435 et
409 2410 449 2448 p.
466 2397 532 2443 22,
557 2396 606 2435 15
637 2393 814 2434 Bachm:
852 2387 897 2436 τδ
931 2390 974 2435 δὲ
1005 2387 1205 2448 ἀρνύμενοι
1240 2396 1284 2434 ἐκ
1317 2391 1387 2434 τοῦ
1412 2387 1521 2445 οίρνός
1545 2386 1613 2434 καὶ
1635 2390 1704 2434 τοῦ
1728 2388 1832 2445 ὑμήν
1856 2391 1901 2435 τδ
1925 2389 2071 2444 δέρμα·
2098 2392 2132 2435 οἵ
2153 2391 2233 2448 ’γοὶρ
2259 2395 2422 2449 οἰρχαῒοι

336 2462 388 2511 τοὶ
412 2464 747 2523 συναλλάγματα
774 2461 842 2510 διαὶ
871 2459 1072 2522 ὃερμοίτων
1105 2463 1225 2520 οἱρνῶν
1257 2461 1461 2508 ἐποιοῦντο.
1498 2463 1913 2520 καταχρηστικῶς
1944 2460 2007 2508 οὖν
2041 2465 2217 2519 ἐνταῦθα,
2246 2481 2294 2510 ex
2332 2482 2420 2523 quo

336 2554 484 2595 genere
514 2538 717 2596 permulta
747 2552 976 2596 congerere
1006 2536 1159 2580 licebat
1190 2536 1389 2595 exempla.
1449 2536 1594 2594 Itaque
1630 2552 1721 2595 per
1750 2534 2062 2596 κατίχρησιν
2092 2541 2264 2596 ponitur
2292 2554 2420 2584 voca·

338 2611 492 2662 bulum,
522 2613 663 2667 quod
695 2628 750 2654 ex
782 2627 843 2654 eo
874 2611 1019 2663 loco,
1055 2614 1105 2652 in
1137 2626 1237 2666 quo
1268 2612 1543 2667 proprium
1573 2619 1667 2663 est,
1698 2614 1750 2653 in
1778 2614 2060 2668 proximum
2091 2613 2343 2668 quendam
2373 2622 2422 2654 et

339 2686 559 2726 vicinum
597 2701 696 2728 non
734 2688 842 2728 sine
880 2684 1093 2743 quadam
1129 2684 1345 2727 licentia
1383 2683 1705 2727 transfertur.
1766 2685 1829 2727 Ita
1860 2684 2013 2729 Cicero
2050 2685 2163 2728 illam
2201 2684 2420 2742 descripsit

340 2757 460 2799 Orat.
482 2758 549 2808 27,
571 2756 643 2800 94:
674 2773 801 2817 quum
828 2760 1038 2802 minutum
1065 2756 1246 2801 dicimus
1272 2759 1468 2801 animum
1490 2771 1573 2816 pro
1599 2766 1732 2818 parvo
1759 2768 1803 2801 et
1828 2758 2098 2803 abutimur
2118 2757 2267 2801 verbis
2287 2774 2421 2818 pro-

336 2833 566 2888 pinquis.
630 2833 767 2875 Minus
798 2832 989 2875 distincte
1019 2833 1226 2888 disputata
1257 2839 1368 2883 sunt,
1398 2845 1508 2887 quae
1537 2831 1661 2874 habet
1691 2833 1747 2874 M.
1770 2832 1976 2876 Claudius
2003 2832 2213 2875 Sacerdos
2243 2834 2331 2875 Art.
2361 2849 2419 2890 gr.

344 2906 381 2953 1,
407 2905 487 2946 160
515 2905 644 2959 p.39:
683 2903 1014 2947 catachresis
1054 2916 1117 2949 est
1155 2905 1285 2950 dictio
1331 2907 1572 2965 impropria
1611 2904 1788 2949 alterius
1827 2905 2027 2949 dictionis
2063 2904 2152 2949 sibi
2187 2904 2418 2950 vindicans

332 2978 654 3036 proprietatem,
692 2991 943 3032 quamquam
979 2977 1031 3020 ab
1063 2979 1270 3023 Cicerone
1299 2994 1388 3023 non
1417 2978 1583 3022 videtur
1613 2979 1829 3023 discedere
1859 2979 2046 3022 voluisse
2075 2982 2265 3037 scriptor.
2324 2982 2420 3024 Jam

334 3050 434 3092 vide
474 3051 530 3092 sis
569 3049 622 3091 ab
659 3051 736 3091 hac
771 3052 933 3093 ratione
971 3057 1170 3105 quantum
1204 3052 1440 3110 discrepent
1476 3052 1628 3107 reliqui
1666 3066 1822 3095 omnes.
1882 3053 1989 3095 Nam
2020 3054 2197 3111 Trypho
2235 3055 2307 3097 ille
2336 3055 2363 3096 l.
2386 3069 2419 3095 c.

333 3139 373 3178 p.
385 3124 485 3175 731,
509 3127 535 3165 2
559 3124 762 3180 praecipit
785 3123 956 3165 haecce:
989 3122 1120 3168 κατοί
1127 3141 1165 3179 χ
1174 3143 1221 3177 pn
1234 3129 1301 3172 σίς
1326 3128 1403 3172 ἐστι
1430 3124 1540 3187 λέξις
1562 3125 1860 3184 μετενηνεγμένη
1885 3126 1966 3172 οἱα-δ
1993 3127 2062 3173 τοῦ
2089 3125 2238 3187 πρώτου
2264 3142 2422 3172 κατονο-

335 3198 547 3251 μασθέιτος
578 3196 716 3252 κυρίως
746 3215 787 3240 τε
813 3194 882 3241 καὶ
912 3196 1062 3251 ἐτύμως
1089 3197 1149 3255 ἐφ’
1182 3196 1298 3255 ἕτερον
1324 3200 1746 3258 ἀκατονόμαστον,
1785 3201 1918 3246 καταῖ
1947 3202 1999 3247 ri
2025 3203 2205 3246 οἰκιῒον.
2265 3199 2421 3242 Eadem
