2757 3701
1344 272 1409 321 36

533 454 571 508 ξ.
590 452 643 497 7..
688 449 782 493 Nec
809 462 942 508 genus
973 455 1132 499 sextum
1162 462 1290 506 saepe
1319 449 1463 492 locum
1492 449 1631 504 habet,
1665 462 1715 492 ex
1744 461 1834 507 quo·
1858 444 2080 497 voeabula*
2101 446 2156 490 ab
2186 447 2424 493 hominibus

334 527 561 582 bestiisque
598 522 799 567 translata
834 530 932 567 sunt
968 524 1010 565 in
1046 535 1114 564 res
1152 535 1224 564 eas
1262 523 1351 565 sive
1381 529 1600 568 terrestres
1630 524 1719 567 sive
1737 518 2112 578 coelestemque
2140 527 2428 567 terraemotu

334 597 585 641 efficiuntur.
646 593 736 640 Sed
774 603 933 640 exstant
968 593 1105 638 tamen
1145 593 1261 652 apud
1297 593 1492 639 Curtium
1528 598 1704 655 insignia
1739 595 1901 651 aliquot
1937 591 2029 637 eius
2039 589 2057 628 'j
2065 590 2271 651 exempla,
2310 594 2428 639 velut

332 680 588 731 appetere
624 669 675 713 C.
701 671 740 722 7,
762 671 833 721 33,
860 670 969 712 Set
1005 669 1192 725 saepius:
1234 666 1331 710 lux
1367 669 1677 729 appetebat.
1737 666 1895 716 ibidem
1933 668 2070 720 3,’30,
2097 669 2119 709 1
2152 673 2202 710 set
2237 666 2425 724 snepha:

333 758 446 788 noar:
484 741 792 804 appetebat,
834 740 953 798 quod
987 741 1285 785 illustravimus
1324 756 1416 800 pag.
1438 741 1591 786 140.b.
1633 742 1727 786 141.
1742 756 1785 784 a.
1842 738 1968 783 Adde
2005 739 2129 785 Caes.
2150 738 2204 783 Ἰ).
2227 753 2266 798 g.
2287 740 2328 792 7,
2356 742 2426 792 82,

337 820 384 859 2:
425 831 555 874 quum
581 814 685 856 :lux
721 823 1016 874 appeteret.
1055 838 1109 848 —
1166 813 1435 858 Decedet-e
1466 815 1518 859 C.
1543 819 1585 869 8,
1609 817 1679 868 23,
1702 815 1778 856 23:
1816 814 1865 855 in
1893 827 1994 856 eam
2026 813 2168 871 ipsam
2195 822 2422 862 noctem,

335 903 467 948 quae
503 884 814 937 decederet,
842 885 1035 931 insidias
1074 897 1352 946 comparatas
1370 887 1532 942 fia'sse,
1575 888 1693 945 quod
1727 892 1948 944 poetarum
1985 884 2334 929 consuetudinem
2362 900 2429 930 re·

333 961 442 1004 ferre
470 958 646 1003 videtur.
692 960 748 1003 V.
778 960 982 1018 pag.760.
998 975 1042 1003 a,
1058 958 1099 1003 b.
1131 965 1175 1003 et
1203 959 1351 1003 Horat.
1379 960 1489 1018 Epp.
1515 963 1553 1015 1,
1579 962 1618 1015 6,
1641 963 1689 1005 3:
1720 959 1833 1004 hunc
1859 957 1994 1003 solem
2022 967 2068 1001 et
2094 954 2242 1001 stellas
2270 966 2315 999 et
2339 956 2429 1002 de-

333 1031 577 1076 cedentia
608 1034 736 1076 certis
771 1042 1012 1093 tempora
1039 1034 1265 1076 momentis
1293 1041 1393 1076 sunt
1423 1035 1502 1094 qui
1515 1031 1765 1090 formidine
1796 1029 1918 1076 nulla
1937 1028 2102 1074 imbuti
2127 1038 2335 1089 spectent.
2371 1052 2425 1065 —

335 1104 616 1147 Ine-linare
656 1105 707 1149 C.
733 1105 773 1158 4,
796 1107 867 1158 31,
889 1110 965 1147 22:
1002 1106 1111 1161 (die)
1147 1104 1409 1149 inclinato
1441 1107 1491 1148 in
1523 1121 1773 1166 vesperam,
1805 1112 1848 1148 et
1878 1105 1918 1156 6,
1938 1103 2008 1155 42,
2034 1102 2083 1145 9':
2120 1103 2170 1144 in
2197 1116 2429 1159 vesperam

337 1176 647 1219 inclinabat
682 1177 792 1220 dies
801 1197 816 1227 ‚·
857 1185 1084 1233 utrumque
1121 1178 1175 1221 ab
1212 1179 1303 1221 aliis
1342 1192 1515 1234 quoque
1545 1177 1823 1234 scriptoribus
1853 1181 2101 1231 usurpatum
2129 1187 2223 1217 esse
2251 1172 2429 1217 vidimus

337 1250 542 1306 pag.587.
557 1265 598 1292 a.
614 1248 654 1292 b.
680 1274 733 1283 —
781 1249 1049 1293 Incubare
1074 1249 1126 1294 C.
1151 1252 1191 1303 9,
1220 1251 1288 1303 16,
1312 1252 1387 1293 18:
1412 1260 1670 1309 perpetuam
1694 1258 1899 1292 noctem
1918 1243 2138 1307 profundo
2163 1243 2429 1290 incuban-

338 1331 440 1364 tem
473 1323 602 1372 mari,
637 1329 685 1364 ut
712 1322 859 1380 virgil.
889 1325 994 1366 Aen.
1024 1326 1060 1375 1,
1085 1324 1161 1366 89:
1188 1332 1466 1383 pontosnox
1494 1320 1714 1364 incubat
1744 1330 1861 1362 atra.
1909 1319 2058 1362 Senec.
2079 1317 2236 1377 Oedip.
2253 1316 2324 1361 46.
2351 1317 2427 1365 47:

335 1393 502 1436 nullum
528 1396 692 1436 serenis
720 1394 918 1437 noctibus
942 1394 1060 1436 sidus
1089 1397 1235 1442 nubat,
1265 1393 1347 1434 sed
1364 1393 1512 1449 gravis
1538 1402 1583 1434 ct
1612 1401 1711 1434 ater
1739 1392 1759 1432 i
1765 1389 1966 1435 ncubat
1992 1393 2118 1434 tem}
2144 1405 2336 1448 vapor.

534 1464 573 1520 §.
590 1466 630 1506 8.
689 1464 920 1519 Septimum
956 1477 1087 1520 genus
1124 1470 1188 1506 est
1232 1476 1392 1516 eorum,
1436 1476 1547 1519 quae
1584 1462 1639 1507 ab
1686 1463 1924 1508 hominibus
1965 1462 2197 1520 bestiisque
2230 1461 2429 1506 translata

334 1543 430 1580 sunt
466 1538 510 1578 in
548 1548 609 1588 ea,
650 1548 761 1591 quae
789 1541 901 1578 terra
929 1537 1039 1593 parit
1069 1542 1111 1578 et
1140 1535 1224 1589 alit,
1253 1535 1371 1578 velut
1398 1534 1564 1589 herbas,
1592 1536 1735 1589 flores,
1772 1536 1959 1589 arbores,
1988 1536 2141 1594 fruges.
2199 1536 2298 1578 Hoc
2325 1535 2426 1578 looo

333 1613 423 1652 sine
444 1609 588 1650 dubio
620 1608 1031 1650 commemorandum
1061 1608 1167 1650 illud
1198 1616 1272 1659 est,
1311 1608 1431 1663 quod
1467 1616 1531 1650 est
1561 1609 1676 1664 apud
1706 1609 1826 1651 Curt.
1846 1608 1885 1660 4,
1907 1611 1977 1661 30,
2003 1612 2077 1650 10:
2112 1606 2306 1651 nondum
2336 1617 2428 1650 tam

333 1683 474 1725 vastis
505 1678 717 1740 nudisque
744 1678 1049 1724 solitudinibus
1080 1678 1227 1730 aditis,
1261 1682 1353 1723 iam
1379 1690 1526 1722 tamen
1548 1679 1688 1723 sterili
1710 1690 1755 1723 et
1780 1682 2076 1723 emoriente
2092 1689 2273 1730 terra,
2307 1680 2428 1737 quod

333 1754 566 1796 lectissimis
602 1752 800 1805 Senecae,
841 1752 976 1805 Plinii,
1017 1751 1290 1808 Quinctiliani
1323 1751 1430 1793 locis
1468 1750 1728 1793 defendimus
1765 1765 1857 1809 pag.
1874 1750 1973 1794 264.
1995 1765 2038 1793 a.
2096 1751 2299 1808 Exemplo
2334 1752 2427 1796 fue-

335 1834 433 1869 runt
461 1833 625 1882 poetae,
655 1826 771 1868 velut
799 1828 916 1882 Virg.
944 1826 1095 1869 Bucol.
1115 1827 1155 1877 7,
1183 1826 1258 1871 57:
1289 1834 1384 1867 aret
1412 1839 1533 1881 ager,
1574 1827 1686 1867 vitio
1719 1827 1952 1867 moriens
1980 1826 2073 1867 sitit
2099 1827 2215 1867 aeris
2242 1824 2423 1869 herba.

335 1900 439 1943 Aen.
457 1900 496 1952 9,
512 1896 618 1942 436:
644 1911 884 1958 purpureus
909 1896 1050 1942 veluti
1074 1911 1206 1957 quum
1221 1893 1335 1951 flos
1362 1896 1545 1936 succisus
1570 1904 1719 1936 aratro
1746 1892 1980 1953 languescit
2005 1909 2081 1939 mo
2091 1896 2254 1940 riens:
2297 1896 2426 1941 Ovid.

336 1971 505 2012 Metam.
533 1972 572 2022 5,
598 1968 704 2009 482:
739 1970 895 2027 primis
923 1977 1131 2026 segetes
1163 1967 1463 2007 moriuntur
1490 1967 1538 2007 in
1564 1964 1727 2007 herbis.
1788 1966 1937 2008 Senec.
1967 1967 2122 2025 Oedip.
2150 1970 2223 2010 50:
2252 1978 2296 2011 et
2324 1969 2426 2013 altis

323 2045 460 2093 flava
499 2056 632 2097 quum
667 2044 796 2097 spicis
832 2050 1003 2086 tremat,
1045 2048 1194 2078 arente
1223 2039 1363 2078 culmo
1395 2039 1553 2079 stet-ilis
1580 2041 1837 2079 emoritur
1862 2055 2025 2095 seges.
2088 2040 2288 2083 Ceterum
2315 2043 2427 2084 idem

338 2112 594 2157 vocabulum
633 2111 711 2155 alia
749 2127 883 2167 eaque
912 2107 1139 2154 audaciore
1170 2109 1292 2154 etiam
1320 2109 1484 2154 ratione
1513 2106 1756 2154 translatum
1783 2124 1839 2155 ne
1870 2108 2026 2157 Cicero
2057 2110 2227 2170 quidem
2256 2117 2425 2172 sprevit.

342 2211 393 2220 —
424 2183 590 2229 Deinde
618 2199 933 2228 concurrere
968 2182 1018 2228 C.
1044 2187 1083 2237 5,
1111 2183 1177 2236 15,
1203 2183 1279 2227 25:
1310 2181 1753 2227 concurrentibus
1784 2185 1970 2237 ramis,
2009 2184 2085 2230 uhi
2114 2185 2185 2230 alii
2212 2186 2425 2246 legebant:

338 2255 687 2302 concutientibus.
722 2281 776 2291 —
824 2254 1037 2300 Ambire
1072 2254 1123 2300 C.
1148 2254 1187 2309 4,
1212 2257 1283 2309 31,
1311 2256 1385 2298 16:
1429 2254 1570 2309 (sedes
1607 2259 1869 2313 consecrata)
1906 2255 2095 2318 undique
2130 2258 2426 2305 ambienti-

340 2330 432 2374 bus
472 2332 658 2380 ramis,
698 2331 787 2373 vix
819 2331 866 2373 in
898 2328 1080 2373 densam
1105 2327 1306 2372 umbram
1333 2326 1515 2372 cadente
1543 2327 1647 2381 sole,
1681 2338 1875 2373 contecta
1903 2340 1983 2374 est.
2034 2331 2133 2375 vid.
2161 2332 2266 2376 Plin.
2296 2333 2349 2376 N.
2372 2334 2425 2378 H.

343 2403 409 2457 14,
438 2406 472 2456 1,
497 2406 543 2445 3:
574 2403 705 2446 villas
733 2414 776 2446 et
807 2402 958 2447 domos
991 2402 1191 2445 ambiri
1217 2401 1488 2461 singularum
1518 2404 1700 2457 (vitium)
1724 2401 1979 2462 palmitibus
2003 2419 2057 2447 ac
2085 2405 2338 2465 sequacibus
2366 2407 2426 2450 lo-

339 2479 397 2520 ris
444 2478 653 2519 memoria
697 2475 877 2535 dignum
923 2477 1041 2519 inter
1077 2476 1227 2536 prima
1269 2473 1533 2518 Valerianus
1578 2491 1745 2536 quoque
1786 2474 2007 2519 Cornelius
2044 2479 2324 2523 existimavit.
2368 2506 2422 2515 —

339 2554 662 2593 percurrere
707 2548 759 2593 C.
785 2552 825 2603 8,
851 2551 920 2602 32,
945 2551 1019 2593 26:
1065 2560 1178 2593 totas
1218 2548 1476 2604 (columnas)
1514 2550 1642 2592 vitis
1679 2565 1787 2593 auro
1825 2548 1997 2594 caelata
2019 2554 2311 2611 percurrit,
2350 2557 2426 2612 qui

341 2621 473 2675 locus,
510 2637 763 2680 quamquam
794 2621 989 2676 caelatae,
1025 2636 1114 2665 non
1142 2637 1267 2666 verae
1297 2624 1393 2666 vitis
1424 2620 1551 2665 habet
1578 2624 1841 2677 mentionem,
1879 2622 1932 2666 ab
1961 2623 2041 2667 hac
2068 2631 2207 2669 tamen
2236 2627 2437 2671 similitu--

344 2693 439 2736 dine
474 2708 560 2737 non
586 2696 810 2739 videbatur
844 2710 937 2739 esse
974 2696 1267 2754 seiungendus.
1326 2695 1486 2738 Eadem
1520 2696 1608 2739 fere
1643 2696 1886 2754 metaphora
1914 2711 2018 2740 usus
2047 2704 2112 2741 est
2140 2698 2288 2741 Senes.
2318 2700 2424 2759 Hip-

344 2766 432 2821 pol.
461 2766 556 2808 644:
593 2778 638 2809 ut
675 2768 803 2827 agilis
840 2768 954 2811 altas
974 2769 1210 2824 flamma
1238 2769 1509 2829 percurrit
1540 2768 1699 2811 trabes.
1762 2769 1963 2813 Ceterum
1999 2785 2038 2812 V.
2068 2770 2173 2813 Plin.
2198 2772 2251 2814 N.
2280 2774 2333 2815 H.
2356 2775 2422 2827 17,

345 2840 413 2890 23,
435 2840 506 2891 35,
530 2840 605 2885 27:
641 2842 783 2884 recisis
822 2843 928 2900 quia
965 2841 1171 2885 lateribus
1209 2850 1510 2884 excurrant
1536 2844 1828 2902 pampinis.
1863 2868 1918 2878 —
1974 2844 2182 2887 Vestire
2214 2844 2265 2888 C.
2290 2847 2329 2898 6,
2355 2848 2422 2898 16,

350 2912 424 2954 15:
453 2913 593 2956 trunci
619 2911 696 2955 ubi
721 2912 1043 2968 multafronde
1072 2916 1266 2959 vestiti
1294 2923 1409 2965 sunt,
1443 2903 1641 2973 operiunt
1665 2925 1844 2960 terram.
1881 2917 1933 2969 .8‚
1954 2916 2025 2968 39,
2050 2917 2097 2959 8:
2127 2917 2422 2975 mnzifmnde

343 2986 537 3026 vestiti
570 2984 844 3045 impedissent
866 2986 1081 3042 ferentes.
1142 2987 1255 3032 Vide
1284 3002 1378 3047 pag.
1394 2986 1493 3031 433.
1508 3003 1561 3041 α.,
1597 2988 1674 3032 uhi
1708 2990 1832 3033 Plinii
1868 2990 2087 3047 uniusque
2123 2983 2319 3051 exemplis
2356 2994 2424 3037 usi

340 3071 501 3099 sumus.
558 3058 799 3100 Poteramus
836 3060 1140 3116 antiquioribus
1178 3065 1241 3104 uti
1279 3062 1501 3105 Ciceronis
1539 3061 1593 3103 de
1628 3070 1711 3104 nat.
1750 3062 1867 3104 deor.
1899 3067 1939 3116 2,
1969 3065 2058 3116 39,
2077 3067 2153 3107 98:
2200 3076 2319 3109 terra
2363 3090 2417 3100 -

339 3130 548 3174 vestita
558 3128 773 3184 floribus,
800 3130 958 3181 herbis,
987 3132 1230 3185 arboribus,
1245 3134 1472 3193 frugibus.
1519 3133 1582 3178 lb.
1602 3138 1640 3187 2,
1666 3136 1734 3188 53,
1763 3137 1864 3180 132:
1893 3148 2059 3182 montes
2079 3141 2273 3183 vestiti
2290 3149 2422 3193 atque

341 3200 567 3251 silvestres.
630 3201 686 3248 Et
713 3200 889 3257 Liv.21,
913 3201 981 3257 54,
1008 3206 1048 3250 1:
1085 3203 1238 3265 quibus
1268 3206 1430 3255 inculta
1441 3207 1594 3266 ,ferme
1623 3210 1934 3258 vestiuntur
1954 3210 2155 3272 virgultis
2174 3205 2422 3268 vepribus-
