2757 3701
1349 277 1415 325 29

411 474 413 476 ·
542 454 580 511 ξ.
596 455 635 497 3.
694 455 840 497 Tertio
866 452 995 497 {loeo
1016 450 1243 496 videndum
1280 454 1359 497 erit
1392 451 1447 496 de
1482 454 1533 496 iis
1568 452 1810 505 ¹vocabulis,
1845 468 1953 509 quae
1990 469 2121 510 quum
2157 456 2333 512 proprie
2370 453 2424 497 de

342 529 466 572 certis
503 527 751 585 quibusdam
779 526 1007 572 bestiarum
1036 525 1258 584 generibus
1287 528 1482 585 usurpari
1509 526 1685 580 soleant,
1726 524 1782 569 ad
1812 525 1893 568 alia
1920 527 2116 571 nansiata
2142 530 2423 586 reperiuntur.

343 602 499 645 Totum
527 602 609 645 hoe
636 616 767 660 genus
795 599 965 658 praeter
993 603 1135 643 cetera
1160 599 1367 644 lubricum
1396 607 1462 644 est
1489 607 1531 644 et
1558 599 1817 658 impeditum,
1847 612 1929 641 uec
1958 598 2013 640 ad
2035 608 2193 643 certum
2211 601 2423 659 quendam

340 674 469 718 finem
496 675 747 733 plerumque
774 672 951 731 perduci
978 679 1121 731 potest
1149 672 1387 732 disputatio.
1440 675 1540 717 Uno
1569 676 1695 732 igitur
1724 672 1930 730 defungar
1959 672 2162 729 exemplo.
2213 673 2424 717 Currendi

339 748 516 791 verbum
544 748 643 789 licet
670 747 802 790 multo
832 750 1038 804 varioque
1065 761 1149 791 usu
1178 746 1444 800 celebratum,
1472 747 1547 790 ubi
1576 748 1630 790 de
1659 746 1907 789 animalibus
1936 747 2123 803 ponitur,
2152 745 2259 788 illud
2286 754 2424 790 tamen

339 819 496 862 hahere
525 819 635 863 solet
662 822 889 877 proprium,
919 828 967 864 ut
997 820 1052 865 de
1079 822 1130 864 iis
1160 827 1352 877 ponatur,
1383 835 1493 877 quae
1523 820 1650 864 celeri
1670 819 1826 876 pedum
1846 826 1966 863 motu
1989 819 2187 868 ferantur.
2232 820 2331 862 Hoc
2349 820 2425 875 igi-

338 898 410 935 tur
437 891 711 948 pulcherrima
739 894 1009 942 translatione
1037 893 1093 938 de
1122 893 1270 938 avibus
1298 893 1537 938 volantibus
1566 895 1697 937 utitur
1723 891 1897 936 Curtius
1925 894 1967 944 3,
1998 894 2038 945 8,
2072 894 2146 935 18:
2176 892 2418 950 accipitres,

339 963 460 1007 vehat
477 967 625 1008 ’ωτι-ἐι·
645 968 761 1009 inter
778 982 824 1010 se
843 976 1239 1011 concurrerent.
1283 966 1395 1011 Vide
1424 980 1534 1025 quae
1563 954 1720 1009 ibidem
1747 966 1983 1007 notavimus
2011 978 2104 1022 pag.
2116 963 2185 1011 47.
2215 963 2284 1007 48.
2330 963 2424 1007 Sci·

338 1036 436 1079 licet
470 1037 596 1079 nobis
626 1038 795 1093 quidem
827 1042 871 1081 in
899 1041 983 1082 hoe
1010 1040 1225 1083 vocabulo
1256 1040 1452 1084 currendi
1464 1038 1600 1082 xnotio
1629 1037 1939 1094 propemodum
1967 1040 2157 1079 interisse
2185 1036 2320 1095 videri
2350 1048 2422 1077 so-

338 1108 408 1153 let.
439 1132 493 1143 —
545 1108 636 1151 Sed
670 1110 952 1166 relinquamus
988 1113 1101 1158 hune
1136 1113 1291 1168 locum,
1325 1127 1381 1158 ne
1415 1110 1724 1171 spinosioribus
1762 1125 1889 1168 quam
1928 1125 2033 1167 quas
2062 1110 2167 1155 haec
2194 1109 2276 1153 fert
2304 1122 2422 1152 com·

338 1181 562 1236 mentatio,
578 1180 837 1239 implicemur
866 1185 1190 1239 quaestionibus.
1243 1216 1249 1223 -

1206 1337 1433 1389 CAPUT
1466 1338 1554 1389 IV.
1631 1295 1635 1297 ·

460 1449 679 1481 VOCABULA
707 1452 855 1481 numm
870 1425 1128 1481 vANIUAIJUM
1156 1451 1339 1481 PROPRIA
1369 1452 1415 1480 m
1443 1452 1520 1480 RES
1549 1439 1757 1481 mAfifflS
1788 1452 1816 1480 A
1847 1450 2005 1480 cunno
2038 1450 2295 1481 TRANSLATA.

478 1606 494 1616 ,
538 1547 728 1588 Alterum
763 1547 1079 1590 translationum
1114 1561 1245 1603 genus
1278 1549 1498 1603 posuimus
1526 1546 1645 1598 illud,
1684 1560 1772 1602 quo
1803 1560 1914 1601 quae
1943 1547 2117 1601 propria
2146 1549 2251 1588 sunt
2279 1546 2326 1587 in
2353 1557 2422 1587 re·

337 1616 421 1658 bus
458 1616 704 1659 animalibus
740 1617 961 1669 vocabula,
996 1618 1303 1660 transferuntur
1337 1621 1383 1659 in
1418 1620 1637 1660 inanimes:
1681 1619 1802 1658 euius
1837 1619 2001 1671 generis
2034 1622 2122 1658 tres
2156 1624 2297 1671 partes
2327 1630 2422 1659 esse

339 1687 528 1731 vidimus.
580 1719 583 1721 -
871 1720 872 1723 ,

538 1761 575 1819 §.
592 1762 627 1802 1.
686 1760 834 1818 ltaque
863 1762 999 1819 primo
1025 1760 1125 1804 loco
1146 1760 1369 1805 dicendum
1390 1762 1469 1804 erit
1487 1759 1542 1803 de
1560 1759 1781 1803 vocabulis
1800 1762 1862 1813 iis,
1893 1774 2015 1818 quae,
2045 1762 2222 1819 propria
2239 1760 2312 1803 illa
2330 1763 2425 1818 qui-

340 1835 435 1878 dem
472 1835 717 1887 animalium,
755 1834 1059 1880 transferuntur
1095 1841 1233 1877 tamen
1269 1836 1313 1877 in
1348 1848 1417 1877 res
1453 1833 1665 1887 inanimas,
1705 1847 1809 1891 quas
1848 1836 2089 1891 procreavit
2116 1840 2278 1876 natura.
2337 1833 2426 1877 Sed

338 1909 417 1951 bae
444 1922 513 1950 res
542 1914 607 1951 tot
635 1922 685 1950 ac
713 1914 797 1950 tam
824 1909 950 1952 variis
979 1907 1149 1950 indutae
1179 1914 1276 1950 sunt
1303 1908 1460 1960 formis,
1489 1914 1537 1950 ut
1555 1909 1599 1950 in
1617 1922 1715 1950 suas
1736 1909 1899 1964 species
1923 1905 2226 1950 describendae
2245 1920 2340 1949 esse
2359 1908 2423 1949 vi-

339 1980 527 2024 deantur.
576 1982 639 2023 Ex
666 1980 820 2036 quibus
849 1989 960 2036 quae
980 1982 1220 2036 saepissime
1239 1986 1505 2037 usurpantur,
1537 1994 1607 2022 eas
1627 1986 1670 2022 et
1689 1980 2022 2022 enumerabimus
2038 1980 2243 2022 hocloco
2263 1987 2306 2022 et
2324 1993 2424 2022 mox
2511 2016 2517 2020 .

339 2052 636 2096 illustr-abimus
672 2052 879 2107 exemplis:
938 2053 1077 2093 Primo
1115 2053 1241 2107 igitur
1270 2051 1566 2106 disputandum
1595 2053 1674 2092 erit
1704 2050 1758 2093 de
1788 2050 1981 2106 partibus
2012 2066 2063 2094 ac
2089 2052 2235 2098 formis
2264 2049 2425 2094 solidae

338 2134 493 2175 terrae;
530 2123 681 2167 deinde
717 2123 770 2166 de
806 2122 946 2175 rebus,
985 2137 1094 2178 quae
1122 2129 1272 2166 natura
1299 2123 1436 2166 fluunt
1465 2129 1507 2165 et
1534 2129 1703 2165 manant
1730 2124 1775 2164 in
1806 2122 1913 2166 orbe
1943 2130 2158 2176 terrarum,
2178 2138 2425 2179 ·earumque

337 2198 462 2240 variis
490 2195 679 2253 partibus
710 2202 752 2239 et
780 2195 943 2247 formis;
977 2209 1077 2239 mox
1106 2193 1159 2239 de
1188 2194 1263 2249 his,
1294 2209 1404 2252 quae
1432 2195 1486 2238 iis
1511 2193 1618 2238 locis
1648 2195 1852 2247 oriuntur,
1872 2192 1958 2237 ·ubi
1988 2193 2151 2238 solidae
2178 2193 2424 2251 fluidaeque

337 2277 473 2314 terrae
499 2275 641 2328 partes
670 2271 778 2313 inter
806 2282 852 2313 se
872 2269 1212 2319 ›committuntun
1249 2269 1423 2326 insuper
1461 2266 1515 2311 de
1542 2267 1670 2312 rebus
1700 2269 1762 2320 iis,
1802 2281 1908 2326 quas
1938 2281 2010 2312 aer
2038 2269 2206 2327 gignere
2234 2266 2422 2318 videtum

338 2351 556 2399 praeterea
592 2343 645 2385 de
680 2346 775 2398 igne
805 2350 933 2399 atque
963 2355 1071 2397 quae
1101 2355 1197 2383 cum
1229 2354 1282 2383 eo
1296 2344 1538 2387 -eoniuncta
1567 2348 1682 2390 sunt;
1718 2349 1808 2383 tum
1836 2355 1940 2383 vero
1970 2342 2024 2383 de
2053 2344 2105 2383 iis
2133 2341 2276 2392 rebus,
2308 2355 2423 2397 quae

339 2424 541 2460 terrarum
577 2424 697 2461 motu
733 2416 990 2473 efficiuntur3
1028 2414 1212 2470 denique
1247 2414 1303 2458 de
1338 2414 1529 2471 frugibus
1566 2422 1608 2459 et
1643 2415 1829 2471 reliquis,
1869 2429 1979 2471 quae
2015 2422 2129 2459 terra
2155 2417 2277 2471 parit.
2335 2416 2423 2458 Has

338 2491 418 2532 iam
447 2489 570 2534 huius
598 2490 891 2547 disputationis
920 2494 1060 2545 partes
1090 2487 1325 2546 singillatim
1353 2502 1667 2546 persequamur.

538 2562 576 2617 ἓ.
593 2566 632 2603 2.
692 2563 805 2604 Inter
833 2574 894 2609 ea
912 2562 1091 2617 primum
1117 2560 1343 2614 vocabula,
1375 2576 1485 2618 quae
1515 2561 1569 2604 ab
1599 2561 1837 2605 hominibus
1860 2546 2092 2618 bestiisque
2111 2536 2305 2603 translata
2323 2567 2424 2601 sunt

339 2637 382 2678 in
410 2641 549 2692 partes
580 2632 780 2691 quasdam
810 2648 874 2676 ac
887 2633 1043 2677 formas
1072 2639 1211 2677 terrae
1233 2632 1407 2688 solidae,
1436 2633 1549 2676 haud
1572 2649 1708 2692 pauca
1730 2632 1986 2677 recensenda
2009 2639 2107 2674 sunt
2126 2632 2298 2674 nomina
2318 2631 2421 2675 sub-

339 2710 527 2760 stantiva,
563 2720 651 2749 non
684 2706 821 2749 solum
858 2712 1030 2750 ornatae
1067 2706 1139 2749 illa
1176 2708 1388 2758 orationis,
1426 2720 1571 2749 verum
1599 2709 1731 2763 ipsius
1762 2703 2076 2747 consuetudinis
2104 2704 2290 2762 vulgaris
2318 2719 2422 2762 pro-

339 2782 441 2835 pria.
499 2782 561 2823 Ex
589 2794 676 2836 quo
706 2793 855 2836 genere
865 2791 875 2820 11
884 2779 956 2821 illa
985 2786 1084 2823 sunt
1110 2778 1147 2822 d
1152 2795 1235 2824 ors
1245 2796 1348 2829 um,
1378 2777 1554 2821 dorsum
1580 2779 1752 2827 montis,
1788 2775 1963 2819 dorsum
1994 2780 2223 2828 montium,
2265 2778 2421 2834 quibus

340 2864 465 2911 saepe
495 2866 597 2897 usus
635 2858 699 2897 est
727 2850 898 2897 Curtius
927 2866 1019 2895 v.c.
1046 2853 1089 2907 3,
1121 2854 1188 2908 10,
1215 2854 1254 2902 7.
1293 2854 1334 2907 3,
1364 2852 1427 2905 11,
1457 2852 1522 2893 12.
1553 2850 1593 2903 7,
1618 2851 1684 2904 12,
1706 2851 1745 2893 8.
1777 2850 1817 2903 7,
1842 2847 1908 2904 14,
1932 2850 1998 2894 19.
2031 2849 2072 2904 7,
2098 2848 2165 2905 14,
2185 2852 2256 2893 21.
2289 2852 2327 2903 5,
2353 2851 2419 2903 12,

343 2926 421 2977 16„
450 2925 527 2968 sed
555 2928 614 2969 ita
641 2933 789 2979 tamen,
818 2932 981 2969 utnon
1009 2926 1149 2969 solum
1179 2940 1376 2992 summam
1404 2925 1489 2980 iugi
1516 2929 1678 2979 partem
1709 2937 1886 2980 eamque
1915 2923 2116 2966 directam
2146 2923 2322 2967 dorsum
2341 2938 2420 2967 vo-

341 3002 453 3041 caret
481 3001 538 3051 (v.
568 3000 770 3042 Doederl.
799 3001 903 3056 Syn.
920 3001 958 3051 5,
987 3015 1028 3056 p.
1043 3002 1129 3055 15),
1157 3014 1305 3044 verum
1334 3000 1453 3057 etiam
1482 2996 1537 3038 ad
1566 3003 1703 3039 totum
1733 2998 1943 3053 quendam
1970 3005 2168 3040 montem.
2184 3000 2275 3041 sive
2305 3012 2418 3041 com-

338 3070 519 3129 plurium
548 3068 671 3127 quasi
697 3074 1051 3117 continuationem
1084 3076 1289 3117 montium
1318 3072 1403 3114 sive
1442 3068 1642 3113 directam
1679 3072 1767 3113 sive
1804 3070 1952 3114 flexam
1983 3069 2228 3115 deflecteret
2253 3084 2412 3116 nomen.

341 3144 475 3190 Cuius
510 3146 573 3187 rei
596 3158 652 3187 -ex
679 3143 981 3200 probatissimis
1010 3146 1284 3204 scriptoribus
1313 3151 1483 3200 praesto
1516 3151 1615 3188 sunt
1644 3143 1841 3201 exempla.
1900 3145 1957 3188 V.
1982 3143 2107 3190 Caes.
2138 3145 2235 3189 bell.
2264 3142 2353 3199 gall.
2372 3141 2413 3195 7,

341 3216 473 3271 44,3:
502 3215 710 3262 dorsum
732 3218 824 3261 eius
849 3219 955 3276 iugi.
1001 3219 1091 3263 Liv.
1114 3220 1268 3273 1‚3‚3:
1296 3214 1355 3261 ab
1380 3218 1468 3262 situ
1489 3227 1716 3278 porrectae
1738 3218 1787 3262 in
1812 3215 1973 3262 dorso
1995 3217 2130 3262 urbis.
2175 3215 2244 3267 36,
2266 3214 2333 3267 15,
2364 3214 2413 3258 6:
