2757 3701
1367 276 1399 324 8

345 457 474 504 rius,
515 454 585 510 [in
620 450 858 510 oratio]ne‚
901 452 1070 511 saepius
1109 447 1286 509 quidem
1314 450 1485 494 honesti
1518 468 1572 496 ac
1598 453 1790 515 [proprii
1814 452 1946 498 verbi
1966 451 2154 508 dem,
2190 459 2427 518 -503701232

343 527 592 586 speczbsiom
614 533 747 586 atque
778 522 951 582 [eodem
982 522 1135 580 etiam]
1164 522 1552 584 signficanfliooe]
1579 541 1712 587 quam
1728 530 1912 588 ‚proprio
1941 525 2206 588 vo[oabulo]
2234 546 2326 575 mm
2354 534 2428 575 3⁰„-

340 597 542 641 dicemus.
605 599 655 641 ln
685 597 841 655 quibus
869 597 1007 639 verbis
1038 595 1340 640 constituendis
1371 597 1493 654 quod
1517 599 1749 644 Muellerus
1779 599 1832 643 ab
1851 600 2007 642 Ursino
2029 601 2095 642 ⁴ita
2125 599 2237 655 abiit,
2268 611 2315 647 ut
2343 603 2425 648 ho-

341 674 452 715 nesti
492 688 546 714 ac
582 673 800 731 proprii
838 670 969 713 verbi
1001 668 1167 725 deficta
1185 709 1187 711 .
1207 678 1435 726 reponeret
1470 688 1551 729 pro
1588 674 1729 718 verbis
1764 673 1945 715 honesti·
1965 690 2019 716 ac
2055 674 2425 734 significantis

341 744 474 789 verbi
501 744 677 802 dejectu,
711 744 755 787 id
783 757 870 787 non
899 750 982 786 tam
1011 749 1187 801 propter
1217 743 1548 800 Quinctilianum
1578 745 1938 805 comprobandum
1968 754 2043 800 est,
2075 754 2199 805 quam
2230 748 2347 806 quod
2376 764 2426 793 ea

345 833 453 875 quae
481 820 664 875 proxime
693 816 1007 873 subsequuntur
1035 816 1186 859 verba:
1216 817 1555 878 signficantiore
1583 836 1715 882 quam
1736 833 1870 880 prop
1881 821 1960 862 rio
1985 820 2425 882 vocabulo‚··aliquam

344 901 455 934 certe
493 899 584 933 ante
619 892 809 932 iniectam
843 890 972 953 fuisse
1010 893 1276 947 proprietatis
1306 895 1559 936 mentionem
1602 894 1819 936 manifesto
1861 892 2084 935 declarant.
2129 896 2263 937 'Hanc
2303 899 2427 952 igitur

342 969 378 1009 si
406 973 532 1008 ratam
561 962 809 1007 habebimus
835 954 1093 1020 scripturam,
1122 966 1299 1007 Verrius
1331 965 1650 1022 quadruplicem
1674 968 1762 1010 fere
1783 968 2047 1009 constituisse
2065 966 2278 1010 videbitur
2295 968 2426 1011 verba

338 1036 612 1081 transferendi
648 1038 865 1090 rationem,
904 1051 1041 1091 unam,
1078 1037 1153 1082 ubi
1189 1040 1456 1095 proprium
1492 1041 1555 1084 rei
1583 1052 1737 1085 nomen
1765 1039 1891 1084 fuerit
1919 1039 2093 1093 nullum,
2130 1039 2314 1093 alteram,
2351 1040 2427 1084 ubi

339 1113 462 1153 fuerit
491 1110 597 1153 illud
627 1109 808 1166 quidem,
838 1110 914 1152 sed
942 1124 1030 1154 non
1059 1111 1277 1163 eiusmodi,
1308 1112 1427 1168 quod
1456 1115 1499 1154 in
1530 1119 1676 1154 ornata
1705 1115 1896 1155 oratione
1927 1120 2048 1167 apte
2076 1112 2426 1169 decenterque

341 1187 447 1241 poni
482 1191 638 1240 posset,
676 1186 848 1237 tertiam,
886 1183 961 1227 ubi
998 1186 1215 1241 proprium
1252 1187 1314 1228 rei
1344 1198 1500 1229 nomen
1530 1192 1571 1228 et
1611 1187 1810 1228 exstiteiit
1840 1199 1919 1228 nec
1948 1200 2025 1241 per
2054 1200 2100 1229 se
2130 1188 2426 1230 inconveniens

340 1258 467 1299 fuerit
498 1256 783 1312 eloquutionis
813 1258 976 1309 rationi,
1009 1256 1251 1300 translatum
1280 1271 1383 1300 vero
1421 1257 1688 1300 illustriorem
1718 1256 1945 1301 reddiderit
1975 1264 2015 1300 et
2046 1260 2427 1314 speciosiorem

344 1333 593 1380 orationem3
626 1340 813 1386 quartam
844 1331 1038 1386 denique,
1069 1331 1144 1374 ubi
1174 1334 1390 1386 proprium
1420 1334 1482 1374 rei
1510 1346 1664 1373 nomen
1697 1331 1893 1373 translato
1915 1335 2049 1374 minus
2069 1332 2245 1375 valuerit
2275 1333 2329 1375 ad
2358 1348 2426 1375 res

341 1403 731 1459 significantius
763 1401 1030 1466 exponendas
1062 1411 1103 1447 et
1133 1404 1253 1459 quasi
1282 1401 1362 1446 sub
1394 1400 1546 1446 oculos
1576 1397 1867 1445 subiiciendas.
1894 1410 1897 1414 '
1928 1402 2045 1448 Haec
2064 1419 2164 1448 vera
2184 1412 2307 1455 sunt,
2325 1402 2425 1447 dum

337 1489 391 1515 ne
420 1473 526 1514 male
554 1473 843 1530 intelligantur.
904 1472 1013 1513 Nam
1052 1479 1164 1514 certe
1202 1472 1321 1530 quod
1350 1474 1485 1530 primo
1515 1471 1619 1514 loco
1646 1474 1867 1530 posuimus
1897 1474 2164 1531 metaphorae
2194 1490 2336 1533 genus,
2375 1474 2424 1517 il-

336 1547 410 1588 lud
440 1547 620 1587 Verrius
648 1558 736 1585 non
766 1546 882 1584 omni
908 1544 1043 1584 voluit
1073 1558 1216 1584 carere
1245 1547 1551 1597 perspicuitatis
1583 1551 1623 1584 et
1659 1552 1831 1585 ornatus
1870 1546 2248 1593 commendatitium
2285 1561 2424 1601 neque

338 1619 564 1661 crediderit
592 1618 787 1672 profecto
820 1623 891 1659 aut
922 1618 1156 1671 speciosam
1184 1616 1278 1658 fore
1307 1616 1617 1659 translationem
1649 1630 1749 1666 eam,
1782 1631 1865 1671 qua
1884 1631 1952 1659 res
1973 1616 2027 1658 ad
2057 1631 2204 1659 sensus
2235 1631 2322 1660 non
2352 1618 2425 1660 ad-

338 1698 618 1742 moverentur,
656 1697 727 1733 aut
764 1689 1074 1747 significantem,
1111 1703 1195 1744 qua
1231 1688 1334 1731 nihil
1370 1688 1535 1732 luminis
1572 1688 1857 1732 affunderetur
1895 1692 2085 1732 orationi.
2152 1689 2249 1733 Vid.
2289 1691 2426 1747 Quin-

342 1766 425 1807 ctil.
458 1769 497 1815 S,
518 1766 557 1815 6,
580 1766 617 1805 ὃ.
679 1765 856 1805 Tantum
887 1763 955 1804 vel
989 1761 1304 1817 praeclarissimi
1332 1764 1441 1803 inter
1469 1769 1631 1803 veteres
1662 1763 1809 1802 artium
1840 1764 2067 1816 scriptores
2098 1762 2151 1804 ab
2183 1763 2326 1805 subtili
2354 1764 2425 1806 illa

342 1846 382 1880 et
424 1838 600 1893 eleganti
636 1850 775 1879 rerum
816 1835 1096 1891 descriptione
1134 1833 1328 1876 videntur
1370 1832 1602 1882 deflexisse,
1643 1846 1767 1886 quam
1805 1840 1947 1875 nostra
1988 1841 2100 1877 aetas
2138 1836 2312 1879 mirifice
2352 1836 2424 1878 ad-

341 1911 498 1952 amavit.

544 1983 600 2022 At
628 1982 831 2022 immerito
863 1981 1040 2020 fortasse
1071 1979 1331 2034 culpabimus
1358 1980 1564 2030 Verrium,
1596 1981 1714 2020 cuius
1743 1986 1890 2021 tenues
1920 1987 2076 2021 tantum
2108 1990 2327 2036 supersunt
2357 1997 2423 2024 re-

344 2056 517 2110 liquiae:
568 2054 761 2095 omnibus
794 2056 986 2103 numeris,
1035 2052 1174 2102 credo,
1221 2052 1414 2094 absoluta
1457 2059 1655 2106 poterunt
1690 2052 1823 2094 videri
1862 2053 2219 2106 Quinctiliani
2259 2058 2302 2097 in
2343 2057 2425 2097 hoc

342 2142 492 2184 genere
522 2134 755 2183 praecepta,
789 2126 1124 2182 praestantissimi
1152 2123 1264 2167 illius
1295 2131 1336 2167 et
1367 2125 1643 2181 copiosissimi
1673 2126 1770 2167 artis
1800 2127 1991 2182 magistri.
2051 2126 2257 2184 Praecipit
2287 2135 2424 2171 autem

342 2200 646 2255 Quinctilianus
682 2199 780 2240 Inst.
813 2205 916 2240 orat.
955 2200 994 2249 8,
1017 2198 1055 2249 6,
1080 2201 1116 2241 5.
1135 2199 1172 2240 6.
1211 2198 1331 2239 haec:
1374 2197 1706 2248 transfertur
1746 2213 1902 2240 nomen
1945 2209 2022 2241 aut
2059 2199 2245 2242 verbum
2277 2216 2339 2243 ex
2372 2216 2422 2243 eo

344 2273 449 2321 loco,
493 2276 537 2314 in
576 2288 658 2330 quo
691 2273 917 2330 proprium
953 2281 1033 2320 est,
1072 2273 1117 2313 in
1155 2286 1267 2318 eum,
1308 2270 1354 2310 in
1392 2284 1478 2327 quo
1517 2279 1594 2310 aut
1619 2271 1843 2327 proprium
1873 2269 2006 2320 deest,
2048 2283 2125 2313 aut
2167 2271 2424 2314 translatum

339 2349 514 2405 proprio
546 2345 691 2389 melius
721 2356 800 2388 est.
863 2343 924 2387 Id
934 2344 1131 2400 facimus
1161 2354 1238 2385 aut
1270 2344 1375 2401 quia
1410 2357 1579 2384 necesse
1618 2353 1696 2393 est,
1737 2354 1813 2385 aut
1850 2347 1954 2401 quia
1991 2343 2300 2402 significantius
2341 2356 2422 2396 est,

343 2431 417 2461 ιιιιι
449 2421 550 2477 quia
577 2417 808 2461 decentius.
871 2418 919 2460 ln
948 2417 1012 2460 his
1042 2415 1147 2460 illud
1177 2416 1368 2473 proiecto
1401 2422 1567 2458 cautum
1588 2414 1770 2459 ostendit
1790 2424 1831 2458 et
1850 2418 2077 2473 sapientem
2096 2426 2423 2474 praeceptorem,

343 2491 459 2548 quod
489 2491 794 2534 translationem
824 2497 991 2548 praeter
1019 2505 1173 2532 nomen
1192 2488 1455 2545 verbumque
1477 2487 1619 2530 docuit
1639 2487 1732 2531 fieri
1763 2504 1891 2545 posse
1920 2489 2087 2542 nullam,
2117 2505 2171 2532 ne
2193 2493 2286 2546 quis
2315 2490 2423 2533 sorte

341 2566 587 2619 pronomina
623 2564 818 2606 translata
856 2563 1133 2620 particulasve
1171 2564 1406 2604 somniaret.
1467 2561 1559 2602 Nec
1588 2560 1923 2619 reprehenderim
1953 2561 2076 2620 plane
2112 2561 2300 2604 bifariam
2339 2562 2422 2604 dis-

342 2637 515 2678 tributas
552 2638 863 2679 translationes:
904 2645 944 2678 at
982 2639 1038 2678 ita
1074 2644 1211 2678 tamen
1249 2643 1347 2677 sunt
1385 2633 1639 2686 distributae,
1686 2643 1733 2676 ut
1773 2649 1857 2691 qua
1895 2635 1947 2677 de
1982 2650 2030 2677 re
2067 2650 2163 2677 mox
2204 2638 2424 2691 separatim

347 2716 434 2749 erat
472 2709 664 2760 dicturus,
704 2726 792 2752 cam
829 2726 915 2753 rem
946 2719 1156 2766 tamquam
1187 2711 1361 2751 formam
1392 2708 1490 2750 huic
1518 2708 1831 2750 translationum
1859 2712 2001 2765 generi
2032 2708 2257 2762 subiiceret
2287 2707 2423 2762 Quin-

348 2781 546 2824 ctilianus.
605 2784 709 2825 Nam
747 2792 890 2840 aperta
925 2784 1119 2839 profecto
1156 2791 1264 2836 sunt,
1302 2796 1442 2838 neque
1482 2780 1605 2824 ullam
1636 2781 1789 2825 habent
1819 2781 2135 2832 dubitationem,
2174 2794 2281 2835 quae
2311 2779 2423 2822 idem

345 2857 546 2912 praecipit
584 2855 609 2897 l.
632 2871 664 2898 c.
696 2859 734 2908 S,
758 2858 796 2908 6,
818 2858 893 2899 35:
932 2856 1118 2900 abusio
1156 2867 1258 2907 est,
1301 2854 1394 2899 ubi
1425 2870 1611 2898 nomen
1647 2853 1839 2909 defuit.-
1889 2852 2133 2904 translatio,
2172 2852 2248 2896 ubi
2276 2851 2424 2897 aliud

328 2929 443 2983 ficit.
506 2929 589 2971 Sed
628 2931 741 2982 haec,
781 2929 924 2985 quoad
961 2933 1048 2972 eius
1078 2932 1172 2974 fieri
1208 2937 1386 2989 poterat,
1423 2932 1503 2972 iam
1541 2945 1666 2987 supra
1703 2930 2009 2973 illustravimus.
2068 2927 2166 2970 Vid.
2198 2942 2287 2986 pag.
2322 2929 2420 2987 5-7.

343 3003 541 3056 Denique
570 3006 611 3044 in
640 3006 701 3054 iis,
744 3017 852 3058 quae
882 3010 978 3045 sunt
1009 3003 1059 3044 de
1089 3008 1247 3047 ratione
1274 3005 1405 3048 verba
1435 3004 1707 3046 transferendi
1737 3009 1961 3059 praecepta
1991 3002 2218 3045 cavendum
2251 3004 2338 3053 erit,
2368 3015 2421 3043 ne

340 3075 493 3118 verba:
526 3077 630 3134 quia
653 3075 921 3117 decentius
941 3084 1006 3117 est
1035 3076 1141 3117 male
1161 3078 1446 3134 intelligantur.
1508 3076 1632 3132 Quae
1652 3076 1781 3119 verba
1812 3075 1913 3131 quid
1937 3074 2018 3117 sibi
2036 3075 2176 3127 velint,
2206 3078 2304 3118 satis
2327 3089 2421 3131 per-

343 3151 536 3202 spicuum
574 3148 744 3197 faciunt,
782 3161 890 3201 quae
927 3148 962 3201 ἐ.
977 3149 1013 3189 6.
1047 3156 1086 3189 et
1118 3149 1157 3193 7.
1193 3148 1245 3191 de
1275 3152 1443 3206 singulis
1473 3150 1663 3206 partibus
1696 3150 1888 3205 leguntur
1918 3152 2115 3204 exposita.
2176 3148 2264 3190 Ubi
2292 3158 2421 3199 quum

345 3221 536 3276 exemplis
566 3220 801 3264 lectissimis
833 3218 1156 3264 demonstratum
1187 3230 1307 3274 esset,
1343 3225 1440 3268 alias
1478 3223 1766 3269 translationes
1805 3226 2048 3269 necessitate
2085 3219 2203 3270 fieri:
2230 3218 2328 3264 &158³
2367 3221 2420 3261 δί·
