2757 3701
1350 270 1413 321 31

331 454 534 508 fauces,
564 464 679 511 quae
701 446 943 510 Hispaniae
965 445 1122 491 Galliis
1152 447 1350 508 inaugura.
1398 450 1468 502 22,
1486 447 1686 502 43:411
1707 449 1825 509 ipsas
1838 450 2030 506 fauces
2047 449 2216 494 saltus.
2270 454 2340 504 22,
2360 453 2425 504 15,

341 526 415 566 11:
451 522 585 566 saluts
612 525 663 566 in
688 531 811 565 artas
839 519 1248 575 ebacuoefauees.
1302 520 1527 574 45,28,3:.
1559 521 1751 565 Isthmus
1783 520 1871 562 duo
1904 525 2046 564 maria
2078 540 2143 556 —⁷
2164 524 2426 580 arttsfau-

337 596 487 640 eibus
516 595 739 640 diffluens.
802 597 870 638 0³1
897 595 977 637 hae
1005 592 1309 651 afflatione
1333 601 1401 639 est
1430 594 1482 639 C.
1512 595 1701 648 7‚41,.3=
1741 596 1789 636 in
1824 592 1968 636 medio
2004 593 2243 638 ahitudinis
2280 598 2423 656 spatio

338 671 495 725 (peut)
528 668 663 713 habet
695 681 880 726 specum,
923 667 1043 711 cuius
1078 680 1135 710 os
1162 676 1310 711 araim
1346 665 1404 712 σι’
1427 667 1654 711 obscurum
1673 676 1769 710 est.
1830 665 1931 709 Vid.
1960 665 2057 708 Ην..
2084 665 2300 718 45,27,82
2337 672 2423 711 Le-

337 740 497 785 badiae
529 759 589 774 «-
615 753 747 800 quun
777 738 959 784 vidisset
991 753 1049 783 os
1078 751 1279 800 specus,
1304 753 1391 800 per
1418 740 1537 800 quod
1564 765 1618 775 —
1649 738 1986 783 descendemt-
2006 769 2019 781 .

539 811 671 869 Quod
699 815 741 855 si·-
763 813 841 855 liae
868 816 1089 857 nominum
1106 814 1374 871 metaphorae
1396 817 1499 856 satis
1517 814 1813 865 demonstrant,
1844 826 1990 856 onnes
2013 813 2138 854 huius
2159 815 2324 869 generis
2346 826 2427 865 res,

337 899 447 942 quae
482 893 579 929 sunt
613 888 657 930 in
692 901 832 930 rerum
865 894 1027 940 natura,
1060 889 1287 931 viventium
1322 889 1453 931 instar
1486 894 1530 931 et
1558 890 1693 930 anima
1722 887 1945 929 fruentium
1977 900 2069 928 esse
2098 885 2272 937 habitas,
2312 885 2424 928 idem

337 971 387 1001 ex
413 957 640 1002 verborum
668 958 938 1004 translatione
966 961 1177 1004 illustrare
1192 959 1292 1004 licet
1309 953 1648 1004 luculentissime.
1698 961 1798 1001 Huc
1818 961 1997 1015 primum
2015 959 2162 1001 referri
2180 965 2275 1001 tuto
2296 971 2426 1015 posse

335 1030 529 1075 videntur
567 1031 699 1075 verba
737 1039 896 1078 motum
936 1026 1209 1091 meantia
1247 1034 1461 1078 hemum
1498 1035 1673 1077 maxime
1712 1031 2022 1088 bestiarumque
2063 1034 2295 1089 proprium.
2360 1030 2426 1073 Ita

333 1115 561 1146 excurre
570 1116 629 1143 rc
654 1111 880 1156 usurpatur
893 1148 895 1150 ,
909 1105 965 1148 de
993 1108 1206 1149 montium
1225 1107 1344 1163 iugis,
1374 1120 1486 1162 quae
1515 1120 1568 1150 ex
1596 1109 1795 1149 universo
1823 1095 2026 1148 montium
2055 1117 2237 1159 corpore
2266 1106 2426 1160 promi·

334 1179 447 1225 nait,
476 1187 672 1230 quaeque
696 1171 751 1215 ad
775 1185 889 1216 mue
915 1178 1005 1235 sive
1023 1180 1068 1219 in
1090 1179 1303 1233 phanum
1323 1182 1413 1221 sive
1434 1182 1481 1221 iu
1497 1180 1673 1222 alienam
1701 1185 1854 1221 terram
1875 1178 2122 1227 evehuntur,
2150 1176 2276 1230 quid?
2307 1175 2428 1230 quod

333 1244 446 1290 idem
473 1245 721 1290 transfertur
749 1247 794 1292 in
822 1245 1038 1304 quoslibet
1065 1254 1202 1292 teme
1229 1256 1401 1303 tractus,
1431 1252 1507 1306 qui
1534 1264 1586 1294 ex
1613 1249 1816 1307 ampliore
1847 1248 2028 1305 quadam
2052 1248 2226 1304 regione
2246 1248 2290 1290 in
2308 1245 2428 1290 aliam

335 1317 565 1374 quamlibet
603 1332 821 1361 excurrere
837 1351 841 1353 -
858 1318 1089 1361 videantur.
1150 1320 1204 1361 V.
1236 1319 1288 1363 C.
1307 1321 1349 1373 3,
1374 1322 1440 1374 10,
1461 1321 1507 1363 6:
1540 1323 1723 1379 (iugum)
1753 1335 1898 1363 runs-us
1928 1319 2068 1362 altero
2098 1334 2235 1361 cornu
2269 1320 2318 1360 in
2354 1316 2427 1359 di·-

334 1405 501 1433 versum
528 1390 626 1433 litus
656 1391 916 1434 excurrit.
970 1392 1008 1444 5,
1033 1394 1099 1444 12,
1125 1393 1198 1434 16:
1229 1408 1414 1450 quorum
1448 1396 1691 1448 (montium)
1715 1405 1976 1451 perpetuum
2003 1391 2215 1435 dorsum
2240 1395 2289 1442 in
2315 1395 2426 1434 Per-

331 1460 469 1504 sidem
495 1465 756 1505 excurrit.
807 1465 847 1515 5,
871 1461 936 1515 ’10,
958 1464 1006 1506 3:
1047 1465 1184 1520 (regio
1213 1463 1439 1517 Uxiorum)
1451 1463 1654 1521 finitima
1680 1466 1801 1505 &sz‘s
1828 1474 1893 1505 est
1916 1474 1962 1505 et
1985 1464 2033 1504 in
2053 1465 2247 1521 primam
2274 1464 2423 1504 Persi-

332 1532 432 1577 dem
457 1538 707 1578 eaecurrit.
751 1534 791 1588 4,
821 1537 891 1589 31,
926 1538 999 1578 18:
1035 1534 1262 1592 (Arabum)
1291 1538 1436 1595 regio
1464 1549 1597 1596 usque
1624 1533 1688 1578 ad
1717 1534 1897 1592 rwbmm
1928 1548 2049 1577 mare
2077 1537 2337 1577 excurrit.
2384 1535 2424 1586 6,

339 1606 405 1655 12,
439 1604 514 1645 16:
542 1603 628 1645 duo
657 1606 748 1646 eius
778 1614 922 1648 terrae
949 1606 1072 1647 ‘velut
1099 1605 1330 1647 brachia
1359 1604 1666 1647 excurrunt.
1711 1606 1770 1645 V.
1797 1607 1888 1645 Liv.
1909 1607 1979 1655 26,
2011 1604 2081 1656 42,
2110 1607 2159 1644 δι
2189 1605 2247 1644 ab
2270 1607 2422 1647 intim

333 1678 432 1720 sinu
465 1676 755 1734 peninsula
790 1679 1050 1720 excurrit.
1122 1678 1192 1729 36,
1226 1679 1293 1729 15,
1326 1679 1371 1720 8:
1414 1687 1733 1720 excurrente
1775 1679 1822 1719 in
1861 1676 2012 1726 αἱεωη,
2055 1676 2179 1719 velut
2210 1691 2426 1735 promon-

335 1751 462 1800 torio,
500 1750 645 1793 Attica
674 1758 837 1792 terra.
900 1750 971 1802 37,
1000 1751 1071 1802 31,
1103 1751 1150 1793 9:
1190 1747 1373 1807 lingua
1412 1749 1529 1794 mille
1554 1764 1761 1809 passuum
1789 1763 2103 1793 excurrens.
2167 1748 2253 1794 Cui
2290 1753 2427 1794 eonsi-

334 1822 432 1864 mile
452 1836 767 1880 procurrere
796 1822 847 1865 C.
865 1824 903 1873 5,
928 1824 995 1873 13,
1022 1825 1066 1864 5:
1098 1822 1246 1875 (latus)
1275 1824 1323 1863 in
1356 1822 1663 1880 longitudinem
1690 1826 1836 1871 MDC‚
1875 1825 1923 1864 in
1953 1822 2227 1865 latitudinem
2264 1826 2429 1866 CLXX

334 1892 480 1938 stadia
503 1896 793 1953 procurrit.
823 1917 878 1929 -·
923 1894 1002 1936 His
1031 1893 1203 1936 accedat
1229 1892 1492 1937 excedere
1519 1893 1570 1938 C.
1590 1896 1631 1946 7,
1667 1894 1731 1946 14,
1760 1899 1838 1937 22:
1870 1909 2026 1952 rupes
2047 1897 2095 1937 in
2118 1909 2169 1937 eo
2193 1898 2243 1937 X
2263 1898 2312 1937 in
2342 1898 2424 1938 eir·

334 1968 450 2009 cuitu
476 1964 623 2008 stadia
651 1965 961 2026 complectitur,
992 1974 1201 2025 quattuor
1220 1966 1268 2008 in
1288 1963 1563 2009 altitudinem
1583 1964 1818 2008 excedit.
1868 1970 1908 2018 8,
1931 1968 2001 2019 30,
2017 1969 2065 2009 3:
2096 1981 2206 2026 quae
2230 1977 2425 2010 austrum

334 2040 564 2098 accipiunt,
601 2042 649 2080 in
679 2039 808 2081 altius
840 2049 981 2080 terrae
997 2038 1236 2095 fastigium
1261 2037 1541 2079 excedunt.
1591 2038 1692 2079 vid.
1722 2039 1828 2081 Plin.
1858 2040 1912 2082 N.
1942 2041 1996 2081 H.
2019 2041 2088 2091 27,
2113 2042 2156 2081 1:
2187 2049 2353 2082 montes
2384 2049 2428 2082 et

334 2108 652 2153 excedentia
692 2111 740 2150 in
777 2107 911 2156 nubes
952 2109 1092 2166 iuga.
1153 2109 1195 2159 3,
1228 2109 1267 2159 5,
1299 2109 1346 2149 6:
1383 2106 1504 2150 haud
1538 2107 1624 2149 ullo
1662 2107 1765 2150 inde
1801 2109 1894 2151 loco
1933 2114 2043 2152 CCC
2075 2114 2123 2153 in
2154 2111 2426 2154 latitudinem

333 2179 614 2225 excedens.
677 2181 731 2223 Et
760 2178 1009 2223 recedere
1041 2177 1148 2232 C.4,
1173 2180 1209 2233 1,
1232 2179 1277 2222 6:
1312 2178 1521 2240 pleraque
1547 2178 1714 2239 longius
1741 2181 1873 2223 etiam
1896 2197 1928 2223 a
1952 2181 2071 2223 mari
2094 2180 2420 2225 recedentia.

336 2257 375 2306 4,
395 2254 465 2306 36,
490 2255 560 2296 1οε
592 2252 704 2295 liber
724 2261 974 2313 prospectus
1003 2249 1222 2294 oculorum
1252 2252 1383 2294 etiam
1416 2250 1479 2295 ad
1499 2267 1568 2302 ea,
1604 2267 1716 2313 quae
1747 2251 1902 2313 pmcul
1924 2268 2213 2303 recessere,
2241 2255 2425 2312 permit·

335 2329 455 2370 titur.
503 2327 559 2368 V.
578 2326 683 2368 Plin.
703 2327 755 2368 N.
776 2327 829 2368 H.
851 2325 890 2377 4,
916 2325 1078 2377 10,17:
1116 2326 1234 2384 regio
1270 2324 1539 2384 Mygdoniae
1572 2325 1813 2375 subiacens,
1856 2328 1903 2367 in
1934 2340 2023 2387 qua
2054 2325 2361 2370 recedentes
2393 2343 2424 2370 a

335 2402 474 2443 mari
498 2398 747 2457 Apollonia,
781 2398 1011 2442 Arethusa.
1060 2400 1099 2450 5,
1124 2400 1190 2450 12,
1215 2400 1289 2441 13:
1319 2413 1410 2458 qua
1441 2398 1641 2441 recedit
1672 2401 1816 2441 intus
1854 2399 2009 2456 (Syria,
2043 2399 2298 2456 vocabatur)
2327 2403 2424 2443 Da-

335 2488 552 2516 mascena.
582 2499 636 2507 —
682 2470 846 2515 Deinde
874 2487 1155 2529 assurgere
1186 2473 1275 2516 sive
1304 2487 1520 2532 surgere
1555 2462 1606 2516 C.
1626 2475 1667 2525 3,
1693 2475 1757 2525 10,
1781 2475 1825 2516 6:
1863 2472 1983 2533 quod
2016 2476 2197 2531 (iugum)
2233 2491 2363 2532 quum
2392 2492 2424 2516 a

336 2545 450 2588 mari
473 2553 723 2602 assurgat
747 2544 837 2598 (alii
864 2547 1044 2602 surgat),
1076 2543 1194 2600 quod
1224 2547 1324 2588 satis
1353 2544 1545 2592 videmur
1572 2545 1800 2589 illustrasse
1830 2561 1870 2603 p.
1887 2546 1953 2593 57.
1974 2543 2015 2589 b.
2065 2545 2187 2588 Adde
2218 2545 2267 2589 C.
2286 2547 2325 2597 8,
2350 2546 2422 2598 39,

338 2618 383 2659 6:
419 2619 577 2673 (petra)
612 2617 730 2657 cuius
760 2618 851 2658 ima
874 2618 1141 2675 spatiosiora
1168 2626 1285 2667 sunt,
1318 2617 1477 2661 altiora
1508 2621 1556 2661 in
1584 2621 1721 2661 artius
1747 2628 1913 2667 coeunt,
1944 2631 2137 2659 summa
2166 2619 2213 2658 in
2247 2627 2424 2660 acutum

336 2704 540 2733 cacumen
560 2698 870 2745 exsurgunt.
913 2688 1012 2730 Vid.
1034 2704 1127 2746 pag.
1141 2691 1209 2736 57.
1221 2690 1263 2733 b.
1287 2717 1341 2725 —
1378 2690 1586 2746 Congruit
1610 2707 1661 2732 se
1686 2690 1932 2731 attollere
1959 2688 2009 2731 C.
2027 2690 2066 2739 7,
2091 2689 2157 2740 14,
2179 2693 2255 2731 20:
2293 2694 2427 2733 Tau-

340 2776 425 2803 rus
464 2786 518 2797 —
547 2776 578 2805 a
610 2758 885 2820 Cappadocia
917 2775 969 2803 se
1005 2760 1266 2806 attollens
1296 2761 1488 2806 Ciliciam
1510 2762 1734 2821 praeterit.
1793 2760 1896 2803 Plin.
1917 2760 1970 2803 N.
1991 2760 2107 2814 HA,
2129 2764 2169 2814 8,
2196 2764 2270 2806 15:
2311 2761 2425 2806 ultra

339 2834 484 2876 visum
510 2833 697 2876 honzinis
725 2830 1104 2877 attollentibus
1131 2849 1184 2878 se
1205 2835 1390 2879 dex-tera
1410 2834 1614 2891 laevaque
1636 2831 1792 2874 leniter
1811 2835 2013 2876 convexis
2037 2837 2193 2892 iugis.
2217 2859 2270 2868 —
2305 2835 2424 2878 Con-

339 2911 403 2947 tra
436 2921 491 2948 se
524 2905 808 2949 demittere
848 2905 898 2949 G.
928 2908 966 2959 5,
998 2907 1064 2959 15,
1094 2910 1171 2950 23:
1210 2924 1300 2968 qua
1337 2923 1389 2950 se
1425 2907 1635 2947 montium
1672 2907 1846 2963 iugum
1882 2905 2099 2965 paulatim
2127 2906 2193 2949 ad
2213 2907 2425 2966 planiora

339 2974 594 3029 demittit,
636 2978 756 3035 quod
792 2981 979 3036 quamvis
1016 2978 1216 3024 audacius
1254 2980 1407 3024 dictum
1445 2992 1539 3020 esse
1574 2976 1778 3031 videatur,
1818 2979 2020 3022 similibus
2057 2987 2196 3023 tamen
2227 2980 2424 3037 exemplis

339 3048 584 3094 defenditur.
628 3051 684 3093 V.
706 3051 830 3095 Caes.
848 3052 891 3096 h.
907 3068 943 3112 g.
966 3053 1004 3107 7,
1026 3054 1100 3101 72:
1130 3050 1435 3114 campestribus
1463 3066 1517 3094 ac
1546 3049 1790 3095 demissis
1817 3051 1969 3103 locis,
2004 3051 2082 3096 ubi
2109 3068 2150 3097 v.
2169 3054 2420 3110 Herzogium

338 3138 381 3181 1)-
395 3123 489 3167 559.
531 3123 587 3165 Et
613 3123 793 3166 Plinium
821 3125 917 3169 Nat.
937 3127 1044 3170 Hist.
1060 3128 1101 3181 6,
1123 3130 1192 3180 20,
1214 3127 1288 3181 23:
1317 3126 1406 3166 iam
1427 3125 1483 3167 in
1500 3123 1672 3183 plana
1696 3123 1924 3169 demisso
1949 3136 2144 3170 tractu.
2164 3152 2219 3161 —
2255 3122 2418 3168 Deinde

333 3194 677 3255 procumbere
708 3195 759 3240 C.
778 3197 817 3250 5,
843 3199 907 3250 13,
929 3200 974 3242 6:
999 3199 1268 3257 planities
1299 3195 1378 3241 sub
1408 3196 1627 3242 radicibus
1653 3200 1865 3244 montium
1889 3202 2081 3260 spatiosa
2101 3195 2416 3257 procumbit,
