2757 3701
1365 253 1430 304 50

1238 330 1553 350 mm

355 431 453 474 Vid.
482 429 581 472 Sall.
610 429 770 485 Fragm.
799 443 841 485 p.
854 426 1022 475 9470.·
1036 426 1345 487 flagrantes
1375 429 1528 489 inopia
1557 441 1603 474 et
1630 427 1924 490 cupidinibus,
1918 427 2164 471 sceler-mn·
2175 432 2440 486 conscientia

350 502 580 562 exagitati.
599 502 751 545 Aem
779 500 910 546 Pr0b.
937 500 1165 555 Milt.5,1:
1199 515 1316 562 quae
1344 505 1501 555 manus
1532 499 1727 547 nnimbib'
1738 498 2048 560 flagraibbt
2056 501 2303 562 pugnandi
2312 505 2440 565 cipi·-

348 573 516 619 ditate.
561 575 692 619 Dion.
717 579 758 629 2,
780 579 824 618 2:
856 575 973 618 Dion
998 575 1088 617 eius
1112 572 1324 618 audiendi
1348 573 2033 636 cupiditateflagraret.12ir‚
2055 576 2218 630 amn,
2237 575 2439 635 biflue-

346 659 595 709 grantem
631 647 828 710 cupidine
867 649 1005 707 regni.
1046 671 1100 682 —-
1156 648 1409 706 Saepissime
1447 656 1587 694 autem
1622 646 1961 703 accendendi
1977 647 2163 693 vei-bui
2175 649 2441 708 ‘spuiflu-

350 725 453 767 tium
484 725 527 766 in
556 724 743 765 homines
772 723 980 779 reperitur
1008 721 1265 765 translatum.
1311 722 1495 766 Primum
1513 721 1737 767 accendi
1759 720 2441 782 dixmtur'hoth-‚quizanimi

351 797 536 854 quodam
566 802 686 838 motu
703 796 971 838 vehementer
1000 795 1242 838 afficiuntur
1271 801 1314 839 et
1343 796 1626 849 concitantui·
1649 795 1987 840 additui-:autem
2002 794 2232 848 'ablativus
2255 804 2329 842 aut
2348 799 2439 842 eius

349 871 543 921 affectus,
583 884 670 925 quo
709 871 805 926 quis
843 877 991 926 captus
1030 876 1105 921 est,
1144 876 1216 912 aut
1253 872 1344 913 eius
1379 872 1461 923 rei,
1497 871 1615 914 unde
1648 870 1854 928 impulsus
1885 877 2038 913 onus:
2074 869 2142 913 Ex
2174 870 2270 913 illo
2263 885 2439 928 ”genere

349 950 446 986 sunt
476 941 527 987 C.
552 942 590 995 4,
613 944 682 995 28,
704 941 780 986 24:
818 943 902 987 ira
925 957 1192 987 accensus.
1256 943 1295 996 5,
1317 944 1393 997 28,
1411 944 1456 987 1·
1493 942 1619 1003 regni
1650 942 1902 1004 cupiditate
1911 943 2144 994 accensi.
2177 943 2252 997 6,
2260 943 2342 996 ‘319
2354 943 2437 988 25.

346 1014 452 1059 haec
489 1014 690 1075 cupidine
725 1013 904 1058 visendi
941 1016 1052 1074 regis
1082 1029 1321 1059 accensa.
1388 1017 1454 1069 10,
1475 1020 1515 1070 2,
1540 1017 1612 1060 16·
1652 1028 1736 1060 mx
1768 1014 2056 1076 cognoscendi
2076 1014 2210 1076 filum
2238 1013 2438 1076 σιῴῐιίίηε

348 1090 616 1132 accensus.
679 1090 742 1131 Ex
780 1089 912 1131 altero
950 1089 1055 1130 haec
1084 1088 1289 1142 C.8,45,
1314 1091 1385 1132 13·
1421 1090 1635 1150 perpetua
1665 1091 1864 1163 partium
1884 1088 2110 1144 filfdm
2140 1087 2204 1131 ad
2227 1093 2438 1148 spernen-

348 1160 452 1204 dum
489 1177 616 1205 omne
645 1160 887 1220 periculum
916 1163 1149 1205 accensi.
1216 1164 1282 1216 10,
1307 1164 1374 1215 11,
1396 1161 1445 1205 4·
1482 1177 1573 1206 non
1610 1171 1711 1206 sunt
1745 1160 1959 1204 accensi
1986 1159 2195 1221 supplicio
2222 1160 2435 1204 commili-

349 1243 515 1276 tonum.
575 1235 749 1291 Quippe
779 1248 867 1291 quo
898 1236 1054 1278 affectu
1081 1235 1236 1278 fuerint
1264 1236 1515 1287 inflammati,
1542 1247 1611 1277 res
1641 1236 1735 1291 ipsa
1763 1233 1934 1277 docet‘
1954 1232 2122 1279 Deinde
2139 1232 2435 1277 accendere

349 1306 592 1366 aliquem-
620 1308 816 1351 dicuntur
853 1310 942 1351 sive
977 1309 1166 1351 homines
1204 1310 1293 1351 sive
1320 1322 1400 1359 res,
1437 1310 1473 1350 si
1503 1310 1598 1362 quis
1626 1305 1799 1360 quaudo
1821 1308 1917 1348 *sive
1946 1305 2122 1348 aliorum
2149 1306 2349 1349 hortatu
2329 1320 2335 1326 ··
2344 1319 2436 1349 s1ve

346 1382 450 1433 ipsis
478 1380 608 1420 rebus
638 1380 945 1421 stimulantibus
974 1379 1030 1420 ed
1061 1382 1294 1434 quampiam
1323 1392 1412 1420 rem
1441 1376 1672 1420 studiosius
1700 1376 1979 1435 'peragendam
2007 1377 2233 1422 suscitatur
2260 1384 2303 1421 ct
2322 1378 2437 1421 com-

344 1457 545 1492 movetur.
592 1450 725 1491 Velut
755 1448 805 1492 C.
828 1452 868 1502 6,
894 1452 930 1501 1,
956 1452 1027 1491 1οε
1058 1452 1137 1509 qui
1164 1459 1296 1492 extra
1322 1448 1400 1492 teli
1428 1452 1589 1493 iactum
1615 1458 1757 1500 erant,
1791 1449 1981 1494 clamore
2008 1452 2189 1495 invicem
2207 1465 2327 1494 suos
2350 1454 2435 1494 ac-

342 1520 660 1564 cendebant.
709 1521 750 1573 4,
773 1524 841 1574 59,
864 1525 942 1563 28:
972 1523 1124 1580 ingens
1155 1521 1361 1566 alacritas
1389 1521 1623 1581 etfiducia
1647 1521 1782 1581 paulo
1809 1533 1913 1566 ante
1943 1526 2166 1567 territos
2188 1523 2435 1567 accendit

342 1592 406 1636 ad
421 1609 635 1653 pugnam.
678 1592 792 1636 Vide
816 1592 1015 1650 deinceps
1038 1592 1160 1637 Caes.
1183 1593 1226 1636 b.
1243 1609 1279 1651 g.
1298 1595 1337 1647 7,
1357 1594 1396 1647 4,
1416 1596 1461 1636 1:
1494 1597 1542 1636 V
1538 1590 1829 1653 ercingetoria·
1851 1619 1904 1628 —
1929 1597 2170 1640 convocatis
2192 1597 2279 1638 suis
2298 1593 2435 1639 clien-

342 1664 470 1715 tibus,
498 1665 640 1721 facik
678 1664 937 1708 incendit.
999 1666 1105 1709 Hirt.
1135 1665 1177 1709 b.
1208 1680 1245 1724 g.
1276 1668 1317 1718 8,
1350 1664 1418 1719 48,
1454 1667 1499 1709 5:
1543 1668 1817 1709 incensum
1853 1666 2093 1710 calcar-ibus
2132 1681 2304 1726 equum.
2366 1668 2442 1710 De⁴

338 1733 439 1780 bell.
471 1738 573 1780 alex.
607 1742 677 1790 22,
713 1741 754 1780 1:
787 1739 891 1793 (hoc
920 1737 1168 1781 detrimento
1198 1738 1369 1793 milites)
1398 1741 1604 1780 incensi
1632 1747 1765 1797 atque
1784 1740 1978 1781 incitati.
2042 1740 2112 1791 29,
2141 1740 2191 1781 3:
2222 1754 2335 1798 quac
2365 1755 2433 1782 res

341 1809 581 1853 incendit
620 1809 770 1854 dolore
806 1810 962 1854 milites
999 1813 1245 1872 equitesque
1284 1820 1469 1853 nostros.
1530 1810 1599 1854 De
1628 1809 1671 1853 h.
1701 1810 1775 1853 afr.
1807 1809 1876 1863 46,
1904 1812 1940 1853 1:
1979 1812 2049 1854 ira
2070 1813 2260 1871 percitus
2287 1812 2432 1872 Scipio

285 1938 291 1942 ⁶
340 1893 470 1944 atque
498 1886 639 1927 animi
670 1883 819 1927 dolore
861 1886 1126 1927 incensus.
1188 1883 1288 1925 Sall.
1321 1882 1445 1926 Catil.
1474 1884 1540 1934 13,
1563 1881 1609 1924 4:
1651 1881 1757 1924 haec
1789 1884 2113 1927 iuventutem
2143 1909 2197 1919 —
2230 1882 2432 1941 adfaci-

344 1971 455 1998 nora
485 1955 862 1998 incendebant.
926 1957 998 2005 38,
1024 1958 1069 1995 1:
1107 1968 1283 2011 coepere
1316 1977 1369 1986 —
1395 1953 1607 2012 plebem
1636 1957 1880 2011 exagitare,
1912 1954 2016 1997 dein
2045 1955 2270 2012 largiundo
2302 1967 2433 2014 atque

340 2026 623 2086 pollicitando
662 2029 800 2085 magis
831 2024 1129 2068 incendere.
1194 2023 1264 2077 49,
1293 2029 1340 2067 2:
1378 2023 1478 2067 odio
1511 2026 1779 2068 incensus.
1842 2027 1931 2083 lug.
1954 2026 2023 2079 25,
2052 2029 2124 2069 10:
2161 2042 2217 2070 ne
2246 2027 2431 2087 amplius

344 2098 554 2142 morando
584 2102 837 2140 Scaurum
868 2122 922 2131 —
956 2095 1280 2140 incenderet.
1327 2097 1445 2140 Aeni.
1466 2096 1593 2141 Pr0b.
1613 2098 1716 2155 Lys.
1740 2099 1781 2151 3,
1810 2100 1853 2140 1:
1884 2113 1970 2159 quo
1997 2097 2146 2142 dolore
2171 2102 2430 2144 incensus.

341 2173 485 2229 Pelop.
509 2175 546 2224 5,
569 2172 614 2214 4:
652 2173 897 2214 incensus
930 2174 1015 2214 ira.
1077 2172 1195 2214 Eum.
1226 2173 1291 2223 10,
1317 2170 1363 2213 4:
1403 2173 1644 2229 Antigonus
1677 2171 1787 2215 adeo
1819 2183 1915 2215 crat
1955 2175 2229 2224 incensus,
2270 2184 2318 2217 ut
2344 2175 2433 2217 nisi

344 2270 396 2280 —
442 2245 572 2288 leniri
607 2260 696 2288 non
730 2255 892 2304 posset.
955 2243 1137 2288 Hannib.
1167 2248 1206 2297 2,
1243 2246 1285 2286 1:
1327 2242 1464 2287 hunc
1504 2254 1629 2288 tanta
1667 2243 1902 2305 cupiditate
1940 2245 2177 2290 incendit
2216 2246 2427 2303 bellandi.

341 2320 431 2362 Liv.
454 2322 492 2370 2,
515 2319 553 2371 6,
580 2319 621 2360 1:
663 2319 905 2361 incensus
952 2318 1214 2378 Tarquinius
1254 2331 1345 2360 non
1382 2315 1531 2361 dolore
1571 2327 1740 2363 tantum
1770 2343 1824 2353 —
1857 2317 1939 2362 sed
1961 2320 2096 2364 etiam
2124 2318 2225 2363 odio
2256 2321 2425 2380 iraque.

341 2397 381 2445 2,
406 2395 471 2443 13,
493 2394 539 2438 7:
576 2395 823 2434 incensus
855 2394 940 2434 ira.
1005 2391 1045 2444 4,
1070 2395 1110 2444 8,
1136 2395 1183 2434 3:
1222 2393 1271 2434 in
1303 2390 1466 2450 populo
1500 2406 1586 2451 per
1611 2391 1764 2436 multos
1794 2407 1935 2435 annos
1965 2395 2199 2435 incenso.
2261 2393 2429 2436 Deinde

340 2466 438 2509 Sall.
461 2465 554 2510 Cat.
577 2469 646 2517 25,
667 2468 713 2508 3:
746 2466 1033 2522 (Sempronia)
1064 2463 1243 2508 libidine
1268 2466 1330 2508 sic
1360 2479 1608 2515 accensa,
1642 2476 1690 2509 ut
1720 2491 1793 2509 —.
1845 2467 1914 2519 51,
1939 2467 2010 2509 1οε
2040 2480 2151 2509 eum
2176 2466 2318 2509 oratio
2343 2481 2429 2510 ac-

338 2537 539 2582 cendet.
573 2540 742 2595 Iug.20,
762 2541 803 2581 1:
821 2536 1205 2597 pollicitationibus
1219 2553 1487 2582 accensus.
1528 2540 1596 2592 31,
1615 2540 1688 2583 16:
1709 2537 1850 2583 illiad
1862 2538 2201 2583 dominationem
2216 2542 2427 2583 accensi

339 2623 451 2655 sunt.
513 2611 584 2666 34,
610 2615 652 2656 1:
684 2610 910 2656 multitudo
942 2611 1222 2656 vehementer
1245 2626 1488 2656 accensa.
1552 2610 1620 2665 64,
1641 2611 1689 2656 4:
1719 2626 1833 2672 quae
1863 2627 1931 2657 res
1962 2615 2191 2657 Marium
2217 2637 2272 2648 -
2295 2612 2426 2657 vehe-

340 2696 505 2728 menter
534 2684 868 2729 accenderat.
920 2685 990 2739 73,
1014 2686 1059 2729 6:
1086 2683 1235 2745 plebes
1265 2687 1327 2729 sic
1358 2700 1596 2729 accensa.
1651 2687 1811 2746 Fragm.
1841 2687 1982 2745 p.979
1998 2684 2063 2732 Ca
2093 2683 2318 2730 balanam
2343 2701 2425 2730 ac·

340 2775 635 2818 censumque
671 2760 967 2819 praemiorum
1002 2775 1094 2819 spe.
1156 2759 1246 2800 Liv.
1276 2762 1315 2811 2,
1343 2761 1413 2810 20,
1447 2759 1491 2799 1:
1528 2756 1761 2803 domestica
1800 2762 1933 2803 etiam
1968 2759 2114 2820 gloria
2153 2774 2420 2801 accensus.

342 2836 381 2882 2,
411 2833 479 2883 27,
514 2834 586 2874 12:
630 2831 852 2876 multitudo
897 2831 1071 2875 licentia
1108 2848 1352 2875 accensa.
1416 2836 1455 2883 2,
1490 2831 1556 2886 54,
1588 2833 1633 2880 7:
1674 2833 1741 2877 his
1779 2836 1999 2878 accensi
2034 2831 2215 2876 vocibus
2252 2843 2419 2893 patres.

343 2904 384 2954 3,
411 2905 447 2955 5,
468 2907 511 2947 8:
549 2903 679 2948 caede
716 2904 850 2965 legati
884 2915 928 2948 et
966 2904 1149 2949 consulis
1190 2904 1374 2950 vulnere
1404 2908 1629 2950 accensi.
1692 2909 1732 2962 3,
1765 2909 1833 2962 50,
1863 2909 1911 2951 3:
1950 2903 2205 2966 indignitate
2236 2907 2302 2950 rei
2328 2921 2422 2950 ac·

340 2978 501 3019 censi.
563 2981 601 3029 3,
623 2980 691 3032 62,
719 2982 762 3022 1:
793 2978 1049 3039 indignitate
1073 2981 1206 3023 etiam
1226 2981 1420 3023 Romani
1441 2979 1886 3025 accendebantur.
1941 2979 1979 3034 4,
2002 2979 2041 3034 9,
2063 2983 2110 3024 8:
2140 2995 2422 3024 accensum

338 3051 505 3092 iniuria
534 3051 738 3093 iuvenem.
802 3052 841 3103 4,
866 3055 935 3105 25,
962 3055 1033 3095 13:
1077 3068 1144 3095 res
1172 3055 1340 3112 ingenti
1366 3055 1599 3096 certamine
1622 3064 1810 3114 patres
1837 3069 1899 3098 ac
1922 3051 2128 3115 plebem
2156 3052 2417 3097 accendit.

339 3124 378 3176 6,
400 3124 471 3176 39,
496 3123 542 3166 5:
573 3124 780 3165 acerrime
811 3124 1156 3169 accenderent
1183 3125 1246 3170 ad
1274 3125 1335 3178 id,
1368 3125 1488 3189 quod
1513 3124 1822 3171 dissimulando
1847 3126 2071 3188 petebant,
2099 3126 2323 3188 plebem.
2378 3125 2417 3178 7,

343 3199 409 3249 11,
440 3198 485 3240 6:
520 3194 790 3240 verecundia
824 3198 1197 3257 misericordiaque
1232 3200 1456 3244 militem
1491 3199 1870 3246 accendebant.
1935 3205 1975 3255 9,
2005 3203 2075 3255 23,
2110 3201 2183 3244 14:
2221 3199 2417 3243 emtione
