<?xml version="1.0" encoding="UTF-8"?>
<!DOCTYPE html PUBLIC "-//W3C//DTD XHTML 1.0 Transitional//EN"
    "http://www.w3.org/TR/xhtml1/DTD/xhtml1-transitional.dtd">
<html xmlns="http://www.w3.org/1999/xhtml" xml:lang="en" lang="en">
 <head>
  <title>
</title>
<meta http-equiv="Content-Type" content="text/html;charset=utf-8" />
  <meta name='ocr-system' content='tesseract 3.04.00' />
  <meta name='ocr-capabilities' content='ocr_page ocr_carea ocr_par ocr_line ocrx_word'/>
</head>
<body>
  <div class='ocr_page' id='page_1' title='image "4770926_0026.png"; bbox 0 0 2757 3701; ppageno 0'>
   <div class='ocr_carea' id='block_1_1' title="bbox 1363 255 1425 302">
    <p class='ocr_par' dir='ltr' id='par_1_1' title="bbox 1363 255 1425 302">
     <span class='ocr_line' id='line_1_1' title="bbox 1363 255 1425 302; baseline -0.016 0"><span class='ocrx_word' id='word_1_1' title='bbox 1363 255 1425 302; x_wconf 80' lang='lat'><strong>18</strong></span> 
     </span>
    </p>
   </div>
   <div class='ocr_carea' id='block_1_2' title="bbox 1236 332 1548 350">
    <p class='ocr_par' dir='ltr' id='par_1_2' title="bbox 1236 332 1548 350">
     <span class='ocr_line' id='line_1_2' title="bbox 1236 332 1548 350; baseline 0 3351"><span class='ocrx_word' id='word_1_2' title='bbox 1236 332 1548 350; x_wconf 95' lang='lat' dir='ltr'><strong> </strong></span> 
     </span>
    </p>
   </div>
   <div class='ocr_carea' id='block_1_3' title="bbox 346 430 2440 785">
    <p class='ocr_par' dir='ltr' id='par_1_3' title="bbox 346 430 2439 785">
     <span class='ocr_line' id='line_1_3' title="bbox 348 430 2437 492; baseline -0.001 -12"><span class='ocrx_word' id='word_1_3' title='bbox 348 439 450 480; x_wconf 85' lang='lat' dir='ltr'><strong>Her.</strong></span> <span class='ocrx_word' id='word_1_4' title='bbox 472 437 498 478; x_wconf 92' lang='lat'><strong>1.</strong></span> <span class='ocrx_word' id='word_1_5' title='bbox 516 452 564 486; x_wconf 90' lang='lat' dir='ltr'><strong>c.,</strong></span> <span class='ocrx_word' id='word_1_6' title='bbox 596 432 938 489; x_wconf 86' lang='lat' dir='ltr'><strong>Quinctilianum‚</strong></span> <span class='ocrx_word' id='word_1_7' title='bbox 977 430 1224 479; x_wconf 72' lang='lat' dir='ltr'><strong>charisium.</strong></span> <span class='ocrx_word' id='word_1_8' title='bbox 1260 432 1525 485; x_wconf 79' lang='lat' dir='ltr'><strong>Diomedem,</strong></span> <span class='ocrx_word' id='word_1_9' title='bbox 1555 432 1837 484; x_wconf 83' lang='lat' dir='ltr'><strong>Sacerdotem,</strong></span> <span class='ocrx_word' id='word_1_10' title='bbox 1868 430 2086 474; x_wconf 88' lang='lat' dir='ltr'><strong>Isidorum.</strong></span> <span class='ocrx_word' id='word_1_11' title='bbox 2137 432 2320 487; x_wconf 71' lang='lat' dir='ltr'><strong>Sextum,</strong></span> <span class='ocrx_word' id='word_1_12' title='bbox 2349 448 2437 492; x_wconf 91' lang='lat' dir='ltr'><strong>quo</strong></span> 
     </span>
     <span class='ocr_line' id='line_1_4' title="bbox 349 503 2439 564; baseline 0 -13"><span class='ocrx_word' id='word_1_13' title='bbox 349 511 402 554; x_wconf 72' lang='lat' dir='ltr'><strong>ab</strong></span> <span class='ocrx_word' id='word_1_14' title='bbox 434 524 497 559; x_wconf 88' lang='lat' dir='ltr'><strong>eo,</strong></span> <span class='ocrx_word' id='word_1_15' title='bbox 528 510 602 562; x_wconf 91' lang='lat' dir='ltr'><strong>qui</strong></span> <span class='ocrx_word' id='word_1_16' title='bbox 631 507 743 559; x_wconf 84' lang='lat' dir='ltr'><strong>facit,</strong></span> <span class='ocrx_word' id='word_1_17' title='bbox 780 505 1037 564; x_wconf 83' lang='lat' dir='ltr'><strong>significatur</strong></span> <span class='ocrx_word' id='word_1_18' title='bbox 1065 503 1120 556; x_wconf 88' lang='lat' dir='ltr'><strong>id,</strong></span> <span class='ocrx_word' id='word_1_19' title='bbox 1158 504 1279 561; x_wconf 80' lang='lat' dir='ltr'><strong>quod</strong></span> <span class='ocrx_word' id='word_1_20' title='bbox 1307 505 1504 561; x_wconf 81' lang='lat' dir='ltr'><strong>efficitur,</strong></span> <span class='ocrx_word' id='word_1_21' title='bbox 1534 507 1650 564; x_wconf 92' lang='lat' dir='ltr'><strong>apud</strong></span> <span class='ocrx_word' id='word_1_22' title='bbox 1680 506 1851 551; x_wconf 83' lang='lat' dir='ltr'><strong>eosdem</strong></span> <span class='ocrx_word' id='word_1_23' title='bbox 1880 511 2074 547; x_wconf 81' lang='lat' dir='ltr'><strong>auctores</strong></span> <span class='ocrx_word' id='word_1_24' title='bbox 2104 513 2272 561; x_wconf 78' lang='lat' dir='ltr'><strong>praeter</strong></span> <span class='ocrx_word' id='word_1_25' title='bbox 2300 507 2439 563; x_wconf 84' lang='lat' dir='ltr'><strong>Quin—</strong></span> 
     </span>
     <span class='ocr_line' id='line_1_5' title="bbox 347 576 2438 638; baseline 0 -13"><span class='ocrx_word' id='word_1_26' title='bbox 347 581 568 625; x_wconf 87' lang='lat' dir='ltr'><strong>ctilianum.</strong></span> <span class='ocrx_word' id='word_1_27' title='bbox 620 577 823 625; x_wconf 85' lang='lat' dir='ltr'><strong>Ceterum</strong></span> <span class='ocrx_word' id='word_1_28' title='bbox 851 593 940 623; x_wconf 93' lang='lat' dir='ltr'><strong>non</strong></span> <span class='ocrx_word' id='word_1_29' title='bbox 966 579 1030 622; x_wconf 89' lang='lat' dir='ltr'><strong>his</strong></span> <span class='ocrx_word' id='word_1_30' title='bbox 1060 584 1218 621; x_wconf 88' lang='lat' dir='ltr'><strong>tantum</strong></span> <span class='ocrx_word' id='word_1_31' title='bbox 1246 577 1385 623; x_wconf 85' lang='lat' dir='ltr'><strong>modis</strong></span> <span class='ocrx_word' id='word_1_32' title='bbox 1414 577 1514 623; x_wconf 84' lang='lat' dir='ltr'><strong>fieri</strong></span> <span class='ocrx_word' id='word_1_33' title='bbox 1541 594 1670 638; x_wconf 87' lang='lat' dir='ltr'><strong>posse</strong></span> <span class='ocrx_word' id='word_1_34' title='bbox 1698 576 2121 636; x_wconf 56' lang='lat' dir='ltr'><strong>metonymiamiicet</strong></span> <span class='ocrx_word' id='word_1_35' title='bbox 2141 578 2438 638; x_wconf 81' lang='lat' dir='ltr'><strong>sint&#39;frequen·</strong></span> 
     </span>
     <span class='ocr_line' id='line_1_6' title="bbox 347 650 2439 711; baseline -0.002 -13"><span class='ocrx_word' id='word_1_36' title='bbox 347 656 492 698; x_wconf 81' lang='lat' dir='ltr'>tissimi</span> <span class='ocrx_word' id='word_1_37' title='bbox 520 654 594 705; x_wconf 83' lang='lat' dir='ltr'><strong>illi,</strong></span> <span class='ocrx_word' id='word_1_38' title='bbox 626 660 668 696; x_wconf 92' lang='lat' dir='ltr'><strong>et</strong></span> <span class='ocrx_word' id='word_1_39' title='bbox 697 653 954 695; x_wconf 86' lang='lat' dir='ltr'><strong>manifestum</strong></span> <span class='ocrx_word' id='word_1_40' title='bbox 983 664 1060 707; x_wconf 90' lang='lat' dir='ltr'><strong>per</strong></span> <span class='ocrx_word' id='word_1_41' title='bbox 1089 664 1135 693; x_wconf 89' lang='lat' dir='ltr'><strong>se</strong></span> <span class='ocrx_word' id='word_1_42' title='bbox 1167 658 1230 695; x_wconf 89' lang='lat' dir='ltr'><strong>est</strong></span> <span class='ocrx_word' id='word_1_43' title='bbox 1259 665 1340 695; x_wconf 90' lang='lat' dir='ltr'><strong>nec</strong></span> <span class='ocrx_word' id='word_1_44' title='bbox 1370 651 1425 695; x_wconf 86' lang='lat' dir='ltr'><strong>ab</strong></span> <span class='ocrx_word' id='word_1_45' title='bbox 1455 654 1638 710; x_wconf 76' lang='lat' dir='ltr'><strong>antiquis</strong></span> <span class='ocrx_word' id='word_1_46' title='bbox 1662 650 1935 711; x_wconf 75' lang='lat' dir='ltr'><strong>scriptoribus</strong></span> <span class='ocrx_word' id='word_1_47' title='bbox 1954 652 2313 709; x_wconf 67' lang='lat' dir='ltr'><strong>praetermittittn.</strong></span> <span class='ocrx_word' id='word_1_48' title='bbox 2348 653 2439 694; x_wconf 82' lang='lat' dir='ltr'><strong>Ve-</strong></span> 
     </span>
     <span class='ocr_line' id='line_1_7' title="bbox 346 724 2440 785; baseline -0.001 -13"><span class='ocrx_word' id='word_1_49' title='bbox 346 729 411 772; x_wconf 79' lang='lat' dir='ltr'><strong>lut</strong></span> <span class='ocrx_word' id='word_1_50' title='bbox 427 729 624 772; x_wconf 79' lang='lat' dir='ltr'><strong>Donatus</strong></span> <span class='ocrx_word' id='word_1_51' title='bbox 654 727 681 769; x_wconf 93' lang='lat'><strong>1.</strong></span> <span class='ocrx_word' id='word_1_52' title='bbox 698 741 732 767; x_wconf 91' lang='lat' dir='ltr'><strong>c.</strong></span> <span class='ocrx_word' id='word_1_53' title='bbox 764 739 893 781; x_wconf 92' lang='lat' dir='ltr'><strong>quum</strong></span> <span class='ocrx_word' id='word_1_54' title='bbox 922 724 1110 767; x_wconf 89' lang='lat' dir='ltr'><strong>multas</strong></span> <span class='ocrx_word' id='word_1_55' title='bbox 1142 738 1236 768; x_wconf 89' lang='lat' dir='ltr'><strong>esse</strong></span> <span class='ocrx_word' id='word_1_56' title='bbox 1266 725 1436 769; x_wconf 77' lang='lat' dir='ltr'><strong>dixisset</strong></span> <span class='ocrx_word' id='word_1_57' title='bbox 1458 728 1558 771; x_wconf 79' lang='lat' dir='ltr'><strong>eins</strong></span> <span class='ocrx_word' id='word_1_58' title='bbox 1588 730 1749 785; x_wconf 83' lang='lat' dir='ltr'><strong>generis</strong></span> <span class='ocrx_word' id='word_1_59' title='bbox 1777 726 1938 782; x_wconf 86' lang='lat' dir='ltr'><strong>species</strong></span> <span class='ocrx_word' id='word_1_60' title='bbox 1969 731 2255 783; x_wconf 75' lang='lat' dir='ltr'><strong>quattuorque</strong></span> <span class='ocrx_word' id='word_1_61' title='bbox 2284 732 2326 769; x_wconf 86' lang='lat' dir='ltr'><strong>et</strong></span> <span class='ocrx_word' id='word_1_62' title='bbox 2344 739 2440 769; x_wconf 84' lang='lat' dir='ltr'><strong>ver·</strong></span> 
     </span>
    </p>
   </div>
   <div class='ocr_carea' id='block_1_4' title="bbox 347 797 2441 930">
    <p class='ocr_par' dir='ltr' id='par_1_4' title="bbox 347 797 2441 930">
     <span class='ocr_line' id='line_1_8' title="bbox 347 797 2441 858; baseline -0.001 -13"><span class='ocrx_word' id='word_1_63' title='bbox 347 801 416 845; x_wconf 90' lang='lat' dir='ltr'><strong>bis</strong></span> <span class='ocrx_word' id='word_1_64' title='bbox 447 800 689 857; x_wconf 76' lang='lat' dir='ltr'><strong>explicasset</strong></span> <span class='ocrx_word' id='word_1_65' title='bbox 719 806 760 841; x_wconf 92' lang='lat' dir='ltr'><strong>et</strong></span> <span class='ocrx_word' id='word_1_66' title='bbox 790 797 989 855; x_wconf 88' lang='lat' dir='ltr'><strong>exemplis</strong></span> <span class='ocrx_word' id='word_1_67' title='bbox 1019 798 1279 851; x_wconf 81' lang='lat' dir='ltr'><strong>illustrasset,</strong></span> <span class='ocrx_word' id='word_1_68' title='bbox 1307 798 1430 851; x_wconf 77' lang='lat' dir='ltr'><strong>haee,</strong></span> <span class='ocrx_word' id='word_1_69' title='bbox 1457 802 1611 856; x_wconf 71' lang='lat' dir='ltr'><strong>inquit,</strong></span> <span class='ocrx_word' id='word_1_70' title='bbox 1635 797 1867 858; x_wconf 74' lang='lat' dir='ltr'><strong>exempli</strong></span> <span class='ocrx_word' id='word_1_71' title='bbox 1892 812 2055 842; x_wconf 80' lang='lat' dir='ltr'><strong>causa</strong></span> <span class='ocrx_word' id='word_1_72' title='bbox 2081 797 2329 858; x_wconf 79' lang='lat' dir='ltr'><strong>diligentius</strong></span> <span class='ocrx_word' id='word_1_73' title='bbox 2355 813 2441 856; x_wconf 87' lang='lat' dir='ltr'><strong>po-</strong></span> 
     </span>
     <span class='ocr_line' id='line_1_9' title="bbox 348 868 1201 930; baseline -0.002 -14"><span class='ocrx_word' id='word_1_74' title='bbox 348 875 433 917; x_wconf 81' lang='lat' dir='ltr'><strong>sita</strong></span> <span class='ocrx_word' id='word_1_75' title='bbox 466 875 598 915; x_wconf 84' lang='lat' dir='ltr'><strong>etiam</strong></span> <span class='ocrx_word' id='word_1_76' title='bbox 627 869 795 930; x_wconf 79' lang='lat' dir='ltr'><strong>reliqua</strong></span> <span class='ocrx_word' id='word_1_77' title='bbox 826 868 1201 914; x_wconf 79' lang='lat' dir='ltr'><strong>demonstrabant.</strong></span> 
     </span>
    </p>
   </div>
   <div class='ocr_carea' id='block_1_5' title="bbox 347 944 2446 3275">
    <p class='ocr_par' dir='ltr' id='par_1_5' title="bbox 347 944 2446 1862">
     <span class='ocr_line' id='line_1_10' title="bbox 554 944 2442 1003; baseline -0.001 -17"><span class='ocrx_word' id='word_1_78' title='bbox 554 947 629 986; x_wconf 90' lang='lat' dir='ltr'><strong>His</strong></span> <span class='ocrx_word' id='word_1_79' title='bbox 667 946 878 1000; x_wconf 87' lang='lat' dir='ltr'><strong>expositis,</strong></span> <span class='ocrx_word' id='word_1_80' title='bbox 917 958 1027 1000; x_wconf 89' lang='lat' dir='ltr'><strong>quae</strong></span> <span class='ocrx_word' id='word_1_81' title='bbox 1066 947 1161 1001; x_wconf 92' lang='lat' dir='ltr'><strong>cogi</strong></span> <span class='ocrx_word' id='word_1_82' title='bbox 1198 946 1332 1000; x_wconf 85' lang='lat' dir='ltr'><strong>possit</strong></span> <span class='ocrx_word' id='word_1_83' title='bbox 1361 959 1521 987; x_wconf 87' lang='lat' dir='ltr'><strong>summa</strong></span> <span class='ocrx_word' id='word_1_84' title='bbox 1551 945 1854 1003; x_wconf 88' lang='lat' dir='ltr'><strong>disputationis,</strong></span> <span class='ocrx_word' id='word_1_85' title='bbox 1894 948 1939 987; x_wconf 88' lang='lat' dir='ltr'><strong>in</strong></span> <span class='ocrx_word' id='word_1_86' title='bbox 1968 951 2116 1001; x_wconf 86' lang='lat' dir='ltr'><strong>aperto</strong></span> <span class='ocrx_word' id='word_1_87' title='bbox 2146 951 2222 986; x_wconf 86' lang='lat' dir='ltr'><strong>est.</strong></span> <span class='ocrx_word' id='word_1_88' title='bbox 2280 944 2442 985; x_wconf 85' lang='lat' dir='ltr'><strong>Meta—</strong></span> 
     </span>
     <span class='ocr_line' id='line_1_11' title="bbox 350 1016 2442 1075; baseline -0 -15"><span class='ocrx_word' id='word_1_89' title='bbox 350 1019 542 1075; x_wconf 85' lang='lat' dir='ltr'><strong>phorae</strong></span> <span class='ocrx_word' id='word_1_90' title='bbox 571 1019 790 1074; x_wconf 89' lang='lat' dir='ltr'><strong>proprium</strong></span> <span class='ocrx_word' id='word_1_91' title='bbox 821 1024 896 1070; x_wconf 88' lang='lat' dir='ltr'><strong>est,</strong></span> <span class='ocrx_word' id='word_1_92' title='bbox 933 1024 982 1060; x_wconf 91' lang='lat' dir='ltr'><strong>ut</strong></span> <span class='ocrx_word' id='word_1_93' title='bbox 1010 1024 1185 1075; x_wconf 89' lang='lat' dir='ltr'><strong>propter</strong></span> <span class='ocrx_word' id='word_1_94' title='bbox 1215 1016 1524 1061; x_wconf 89' lang='lat' dir='ltr'><strong>similitudinem</strong></span> <span class='ocrx_word' id='word_1_95' title='bbox 1553 1018 1852 1062; x_wconf 81' lang='lat' dir='ltr'><strong>transferantur</strong></span> <span class='ocrx_word' id='word_1_96' title='bbox 1884 1016 2097 1062; x_wconf 88' lang='lat' dir='ltr'><strong>vocabula</strong></span> <span class='ocrx_word' id='word_1_97' title='bbox 2130 1029 2180 1061; x_wconf 87' lang='lat' dir='ltr'><strong>ex</strong></span> <span class='ocrx_word' id='word_1_98' title='bbox 2208 1016 2309 1060; x_wconf 89' lang='lat' dir='ltr'><strong>loco</strong></span> <span class='ocrx_word' id='word_1_99' title='bbox 2340 1029 2442 1074; x_wconf 89' lang='lat' dir='ltr'><strong>pro·</strong></span> 
     </span>
     <span class='ocr_line' id='line_1_12' title="bbox 351 1090 2442 1150; baseline -0 -17"><span class='ocrx_word' id='word_1_100' title='bbox 351 1094 444 1148; x_wconf 91' lang='lat' dir='ltr'><strong>prio</strong></span> <span class='ocrx_word' id='word_1_101' title='bbox 475 1094 524 1146; x_wconf 44' lang='lat' dir='ltr'><strong>,in</strong></span> <span class='ocrx_word' id='word_1_102' title='bbox 561 1091 688 1133; x_wconf 88' lang='lat' dir='ltr'><strong>alium</strong></span> <span class='ocrx_word' id='word_1_103' title='bbox 719 1091 940 1146; x_wconf 86' lang='lat' dir='ltr'><strong>quendam,</strong></span> <span class='ocrx_word' id='word_1_104' title='bbox 977 1093 1051 1147; x_wconf 91' lang='lat' dir='ltr'><strong>qui</strong></span> <span class='ocrx_word' id='word_1_105' title='bbox 1086 1094 1208 1147; x_wconf 87' lang='lat' dir='ltr'><strong>quasi</strong></span> <span class='ocrx_word' id='word_1_106' title='bbox 1238 1091 1417 1147; x_wconf 89' lang='lat' dir='ltr'><strong>quadam</strong></span> <span class='ocrx_word' id='word_1_107' title='bbox 1446 1094 1621 1150; x_wconf 77' lang='lat' dir='ltr'><strong>imagine</strong></span> <span class='ocrx_word' id='word_1_108' title='bbox 1652 1095 1742 1136; x_wconf 88' lang='lat' dir='ltr'><strong>eius</strong></span> <span class='ocrx_word' id='word_1_109' title='bbox 1771 1094 1846 1144; x_wconf 90' lang='lat' dir='ltr'><strong>rei,</strong></span> <span class='ocrx_word' id='word_1_110' title='bbox 1881 1091 1996 1134; x_wconf 86' lang='lat' dir='ltr'><strong>unde</strong></span> <span class='ocrx_word' id='word_1_111' title='bbox 2034 1097 2199 1147; x_wconf 88' lang='lat' dir='ltr'><strong>sumpta</strong></span> <span class='ocrx_word' id='word_1_112' title='bbox 2226 1090 2442 1133; x_wconf 86' lang='lat' dir='ltr'><strong>translatio</strong></span> 
     </span>
     <span class='ocr_line' id='line_1_13' title="bbox 352 1162 2444 1222; baseline -0.001 -14"><span class='ocrx_word' id='word_1_113' title='bbox 352 1173 427 1217; x_wconf 89' lang='lat' dir='ltr'><strong>est,</strong></span> <span class='ocrx_word' id='word_1_114' title='bbox 458 1172 681 1209; x_wconf 82' lang='lat' dir='ltr'><strong>exornetur</strong></span> <span class='ocrx_word' id='word_1_115' title='bbox 712 1173 753 1208; x_wconf 92' lang='lat' dir='ltr'><strong>et</strong></span> <span class='ocrx_word' id='word_1_116' title='bbox 782 1164 1023 1208; x_wconf 87' lang='lat' dir='ltr'><strong>illustretur.</strong></span> <span class='ocrx_word' id='word_1_117' title='bbox 1075 1164 1416 1210; x_wconf 89' lang='lat' dir='ltr'><strong>Catachresis</strong></span> <span class='ocrx_word' id='word_1_118' title='bbox 1445 1169 1663 1222; x_wconf 89' lang='lat' dir='ltr'><strong>proprium</strong></span> <span class='ocrx_word' id='word_1_119' title='bbox 1692 1165 1811 1217; x_wconf 91' lang='lat' dir='ltr'><strong>illud,</strong></span> <span class='ocrx_word' id='word_1_120' title='bbox 1840 1173 1888 1208; x_wconf 89' lang='lat' dir='ltr'><strong>ut</strong></span> <span class='ocrx_word' id='word_1_121' title='bbox 1918 1180 1968 1208; x_wconf 86' lang='lat' dir='ltr'><strong>ea</strong></span> <span class='ocrx_word' id='word_1_122' title='bbox 1991 1180 2071 1216; x_wconf 88' lang='lat' dir='ltr'><strong>res,</strong></span> <span class='ocrx_word' id='word_1_123' title='bbox 2102 1166 2171 1207; x_wconf 81' lang='lat' dir='ltr'><strong>cui</strong></span> <span class='ocrx_word' id='word_1_124' title='bbox 2189 1162 2444 1206; x_wconf 83' lang='lat' dir='ltr'><strong>vocabulum</strong></span> 
     </span>
     <span class='ocr_line' id='line_1_14' title="bbox 353 1233 2444 1298; baseline 0 -18"><span class='ocrx_word' id='word_1_125' title='bbox 353 1237 535 1280; x_wconf 89' lang='lat' dir='ltr'><strong>alienum</strong></span> <span class='ocrx_word' id='word_1_126' title='bbox 565 1235 914 1293; x_wconf 85' lang='lat' dir='ltr'><strong>accommodatur,</strong></span> <span class='ocrx_word' id='word_1_127' title='bbox 945 1243 1112 1297; x_wconf 89' lang='lat' dir='ltr'><strong>praeter</strong></span> <span class='ocrx_word' id='word_1_128' title='bbox 1141 1239 1474 1298; x_wconf 82' lang='lat' dir='ltr'><strong>expectationem</strong></span> <span class='ocrx_word' id='word_1_129' title='bbox 1504 1244 1546 1284; x_wconf 91' lang='lat' dir='ltr'><strong>et</strong></span> <span class='ocrx_word' id='word_1_130' title='bbox 1575 1251 1663 1283; x_wconf 92' lang='lat' dir='ltr'><strong>non</strong></span> <span class='ocrx_word' id='word_1_131' title='bbox 1692 1239 1781 1283; x_wconf 90' lang='lat' dir='ltr'><strong>sine</strong></span> <span class='ocrx_word' id='word_1_132' title='bbox 1811 1235 1991 1297; x_wconf 84' lang='lat' dir='ltr'><strong>quadam</strong></span> <span class='ocrx_word' id='word_1_133' title='bbox 2019 1233 2186 1281; x_wconf 86' lang='lat' dir='ltr'><strong>licentia</strong></span> <span class='ocrx_word' id='word_1_134' title='bbox 2206 1249 2256 1281; x_wconf 86' lang='lat' dir='ltr'><strong>ex</strong></span> <span class='ocrx_word' id='word_1_135' title='bbox 2275 1233 2444 1281; x_wconf 87' lang='lat' dir='ltr'><strong>alterius</strong></span> 
     </span>
     <span class='ocr_line' id='line_1_15' title="bbox 352 1310 2444 1370; baseline -0.001 -17"><span class='ocrx_word' id='word_1_136' title='bbox 352 1314 414 1353; x_wconf 87' lang='lat' dir='ltr'><strong>rei</strong></span> <span class='ocrx_word' id='word_1_137' title='bbox 451 1314 718 1368; x_wconf 80' lang='lat' dir='ltr'><strong>propinquae</strong></span> <span class='ocrx_word' id='word_1_138' title='bbox 756 1314 932 1354; x_wconf 89' lang='lat' dir='ltr'><strong>notione</strong></span> <span class='ocrx_word' id='word_1_139' title='bbox 971 1312 1212 1370; x_wconf 82' lang='lat' dir='ltr'><strong>designetur</strong></span> <span class='ocrx_word' id='word_1_140' title='bbox 1247 1319 1375 1369; x_wconf 87' lang='lat' dir='ltr'><strong>atque</strong></span> <span class='ocrx_word' id='word_1_141' title='bbox 1413 1312 1714 1354; x_wconf 88' lang='lat' dir='ltr'><strong>denominetur.</strong></span> <span class='ocrx_word' id='word_1_142' title='bbox 1773 1313 1856 1353; x_wconf 88' lang='lat' dir='ltr'><strong>Per</strong></span> <span class='ocrx_word' id='word_1_143' title='bbox 1889 1310 2286 1353; x_wconf 85' lang='lat' dir='ltr'><strong>similitudinem</strong></span> <span class='ocrx_word' id='word_1_144' title='bbox 2315 1323 2444 1352; x_wconf 82' lang='lat' dir='ltr'><strong>voca·</strong></span> 
     </span>
     <span class='ocr_line' id='line_1_16' title="bbox 348 1380 2445 1438; baseline -0.002 -10"><span class='ocrx_word' id='word_1_145' title='bbox 348 1385 500 1428; x_wconf 83' lang='lat' dir='ltr'><strong>bulum</strong></span> <span class='ocrx_word' id='word_1_146' title='bbox 535 1400 625 1428; x_wconf 90' lang='lat' dir='ltr'><strong>non</strong></span> <span class='ocrx_word' id='word_1_147' title='bbox 662 1389 706 1428; x_wconf 91' lang='lat' dir='ltr'><strong>in</strong></span> <span class='ocrx_word' id='word_1_148' title='bbox 745 1387 915 1428; x_wconf 88' lang='lat' dir='ltr'><strong>alterius</strong></span> <span class='ocrx_word' id='word_1_149' title='bbox 954 1386 1168 1428; x_wconf 86' lang='lat' dir='ltr'><strong>cuiusdam</strong></span> <span class='ocrx_word' id='word_1_150' title='bbox 1204 1388 1422 1426; x_wconf 86' lang='lat' dir='ltr'><strong>stationem</strong></span> <span class='ocrx_word' id='word_1_151' title='bbox 1453 1386 1572 1438; x_wconf 83' lang='lat' dir='ltr'><strong>quasi</strong></span> <span class='ocrx_word' id='word_1_152' title='bbox 1606 1383 1805 1434; x_wconf 81' lang='lat' dir='ltr'><strong>succedit,</strong></span> <span class='ocrx_word' id='word_1_153' title='bbox 1845 1383 1922 1425; x_wconf 90' lang='lat' dir='ltr'><strong>sed</strong></span> <span class='ocrx_word' id='word_1_154' title='bbox 1951 1383 2185 1426; x_wconf 86' lang='lat' dir='ltr'><strong>illustrandi</strong></span> <span class='ocrx_word' id='word_1_155' title='bbox 2215 1395 2341 1424; x_wconf 86' lang='lat' dir='ltr'><strong>causa</strong></span> <span class='ocrx_word' id='word_1_156' title='bbox 2370 1380 2445 1424; x_wconf 85' lang='lat' dir='ltr'><strong>ad-</strong></span> 
     </span>
     <span class='ocr_line' id='line_1_17' title="bbox 347 1454 2445 1511; baseline -0 -14"><span class='ocrx_word' id='word_1_157' title='bbox 347 1457 483 1498; x_wconf 88' lang='lat' dir='ltr'><strong>iicitur</strong></span> <span class='ocrx_word' id='word_1_158' title='bbox 513 1463 610 1496; x_wconf 86' lang='lat' dir='ltr'><strong>ante</strong></span> <span class='ocrx_word' id='word_1_159' title='bbox 638 1458 793 1509; x_wconf 85' lang='lat' dir='ltr'><strong>posito.</strong></span> <span class='ocrx_word' id='word_1_160' title='bbox 854 1456 938 1496; x_wconf 91' lang='lat' dir='ltr'><strong>Per</strong></span> <span class='ocrx_word' id='word_1_161' title='bbox 972 1454 1343 1510; x_wconf 76' lang='lat' dir='ltr'><strong>synecdochen</strong></span> <span class='ocrx_word' id='word_1_162' title='bbox 1368 1468 1485 1510; x_wconf 78' lang='lat' dir='ltr'><strong>,quae</strong></span> <span class='ocrx_word' id='word_1_163' title='bbox 1514 1461 1733 1511; x_wconf 89' lang='lat' dir='ltr'><strong>ponuntur</strong></span> <span class='ocrx_word' id='word_1_164' title='bbox 1764 1455 1986 1507; x_wconf 82' lang='lat' dir='ltr'><strong>vocabula,</strong></span> <span class='ocrx_word' id='word_1_165' title='bbox 2022 1468 2289 1511; x_wconf 83' lang='lat' dir='ltr'><strong>nequaquam</strong></span> <span class='ocrx_word' id='word_1_166' title='bbox 2326 1467 2445 1496; x_wconf 89' lang='lat' dir='ltr'><strong>suam</strong></span> 
     </span>
     <span class='ocr_line' id='line_1_18' title="bbox 348 1527 2445 1582; baseline -0.001 -11"><span class='ocrx_word' id='word_1_167' title='bbox 348 1531 562 1571; x_wconf 89' lang='lat' dir='ltr'><strong>notionem</strong></span> <span class='ocrx_word' id='word_1_168' title='bbox 593 1529 797 1578; x_wconf 90' lang='lat' dir='ltr'><strong>amittunt,</strong></span> <span class='ocrx_word' id='word_1_169' title='bbox 828 1527 906 1570; x_wconf 88' lang='lat' dir='ltr'><strong>sed</strong></span> <span class='ocrx_word' id='word_1_170' title='bbox 925 1527 981 1570; x_wconf 89' lang='lat' dir='ltr'><strong>ad</strong></span> <span class='ocrx_word' id='word_1_171' title='bbox 1011 1542 1102 1570; x_wconf 88' lang='lat' dir='ltr'><strong>eam</strong></span> <span class='ocrx_word' id='word_1_172' title='bbox 1132 1534 1349 1571; x_wconf 87' lang='lat' dir='ltr'><strong>assumunt</strong></span> <span class='ocrx_word' id='word_1_173' title='bbox 1379 1528 1551 1570; x_wconf 87' lang='lat' dir='ltr'><strong>alteram</strong></span> <span class='ocrx_word' id='word_1_174' title='bbox 1582 1528 1803 1582; x_wconf 90' lang='lat' dir='ltr'><strong>quandam,</strong></span> <span class='ocrx_word' id='word_1_175' title='bbox 1835 1543 1945 1582; x_wconf 88' lang='lat' dir='ltr'><strong>quae</strong></span> <span class='ocrx_word' id='word_1_176' title='bbox 1974 1544 2070 1571; x_wconf 90' lang='lat' dir='ltr'><strong>cum</strong></span> <span class='ocrx_word' id='word_1_177' title='bbox 2099 1528 2171 1570; x_wconf 85' lang='lat' dir='ltr'><strong>illa</strong></span> <span class='ocrx_word' id='word_1_178' title='bbox 2192 1529 2445 1570; x_wconf 87' lang='lat' dir='ltr'><strong>coniunctis·</strong></span> 
     </span>
     <span class='ocr_line' id='line_1_19' title="bbox 347 1598 2446 1657; baseline -0.001 -12"><span class='ocrx_word' id='word_1_179' title='bbox 347 1603 451 1645; x_wconf 87' lang='lat' dir='ltr'><strong>sima</strong></span> <span class='ocrx_word' id='word_1_180' title='bbox 489 1602 543 1644; x_wconf 88' lang='lat' dir='ltr'><strong>sit</strong></span> <span class='ocrx_word' id='word_1_181' title='bbox 571 1613 745 1644; x_wconf 86' lang='lat' dir='ltr'><strong>necesse</strong></span> <span class='ocrx_word' id='word_1_182' title='bbox 783 1606 858 1642; x_wconf 86' lang='lat' dir='ltr'><strong>est.</strong></span> <span class='ocrx_word' id='word_1_183' title='bbox 917 1598 1001 1642; x_wconf 89' lang='lat' dir='ltr'><strong>Per</strong></span> <span class='ocrx_word' id='word_1_184' title='bbox 1037 1601 1405 1656; x_wconf 81' lang='lat' dir='ltr'><strong>metonymiam</strong></span> <span class='ocrx_word' id='word_1_185' title='bbox 1443 1598 1636 1657; x_wconf 79' lang='lat' dir='ltr'><strong>denique.</strong></span> <span class='ocrx_word' id='word_1_186' title='bbox 1666 1614 1775 1656; x_wconf 89' lang='lat' dir='ltr'><strong>quae</strong></span> <span class='ocrx_word' id='word_1_187' title='bbox 1812 1607 2068 1657; x_wconf 84' lang='lat' dir='ltr'><strong>usurpantur</strong></span> <span class='ocrx_word' id='word_1_188' title='bbox 2095 1598 2317 1652; x_wconf 83' lang='lat' dir='ltr'><strong>vocabula,</strong></span> <span class='ocrx_word' id='word_1_189' title='bbox 2357 1613 2446 1643; x_wconf 91' lang='lat' dir='ltr'><strong>non</strong></span> 
     </span>
     <span class='ocr_line' id='line_1_20' title="bbox 350 1671 2446 1730; baseline 0 -15"><span class='ocrx_word' id='word_1_190' title='bbox 350 1687 404 1716; x_wconf 93' lang='lat' dir='ltr'><strong>eo</strong></span> <span class='ocrx_word' id='word_1_191' title='bbox 445 1672 624 1715; x_wconf 89' lang='lat' dir='ltr'><strong>consilio</strong></span> <span class='ocrx_word' id='word_1_192' title='bbox 663 1678 892 1728; x_wconf 89' lang='lat' dir='ltr'><strong>ponuntur,</strong></span> <span class='ocrx_word' id='word_1_193' title='bbox 928 1678 974 1713; x_wconf 90' lang='lat' dir='ltr'><strong>ut</strong></span> <span class='ocrx_word' id='word_1_194' title='bbox 1005 1685 1107 1725; x_wconf 90' lang='lat' dir='ltr'><strong>eam,</strong></span> <span class='ocrx_word' id='word_1_195' title='bbox 1147 1685 1256 1728; x_wconf 88' lang='lat' dir='ltr'><strong>quae</strong></span> <span class='ocrx_word' id='word_1_196' title='bbox 1285 1673 1336 1714; x_wconf 91' lang='lat' dir='ltr'><strong>iis</strong></span> <span class='ocrx_word' id='word_1_197' title='bbox 1366 1671 1556 1715; x_wconf 87' lang='lat' dir='ltr'><strong>subiecta</strong></span> <span class='ocrx_word' id='word_1_198' title='bbox 1585 1674 1758 1730; x_wconf 88' lang='lat' dir='ltr'><strong>proprie</strong></span> <span class='ocrx_word' id='word_1_199' title='bbox 1789 1680 1863 1726; x_wconf 90' lang='lat' dir='ltr'><strong>est,</strong></span> <span class='ocrx_word' id='word_1_200' title='bbox 1900 1673 2332 1726; x_wconf 70' lang='lat' dir='ltr'><strong>afferantznotionem,</strong></span> <span class='ocrx_word' id='word_1_201' title='bbox 2370 1672 2446 1716; x_wconf 86' lang='lat' dir='ltr'><strong>sed</strong></span> 
     </span>
     <span class='ocr_line' id='line_1_21' title="bbox 352 1743 2444 1802; baseline -0 -14"><span class='ocrx_word' id='word_1_202' title='bbox 352 1754 399 1789; x_wconf 92' lang='lat' dir='ltr'><strong>ut</strong></span> <span class='ocrx_word' id='word_1_203' title='bbox 436 1748 616 1788; x_wconf 90' lang='lat' dir='ltr'><strong>animum</strong></span> <span class='ocrx_word' id='word_1_204' title='bbox 653 1759 730 1801; x_wconf 91' lang='lat' dir='ltr'><strong>per</strong></span> <span class='ocrx_word' id='word_1_205' title='bbox 767 1743 978 1800; x_wconf 88' lang='lat' dir='ltr'><strong>quandam</strong></span> <span class='ocrx_word' id='word_1_206' title='bbox 1016 1743 1332 1786; x_wconf 88' lang='lat' dir='ltr'><strong>necessitudinis</strong></span> <span class='ocrx_word' id='word_1_207' title='bbox 1370 1747 1574 1785; x_wconf 90' lang='lat' dir='ltr'><strong>rationem</strong></span> <span class='ocrx_word' id='word_1_208' title='bbox 1608 1744 1663 1785; x_wconf 92' lang='lat' dir='ltr'><strong>ad</strong></span> <span class='ocrx_word' id='word_1_209' title='bbox 1692 1759 1780 1786; x_wconf 91' lang='lat' dir='ltr'><strong>rem</strong></span> <span class='ocrx_word' id='word_1_210' title='bbox 1811 1752 2028 1802; x_wconf 88' lang='lat' dir='ltr'><strong>cognatam</strong></span> <span class='ocrx_word' id='word_1_211' title='bbox 2058 1744 2280 1798; x_wconf 84' lang='lat' dir='ltr'><strong>deducant,</strong></span> <span class='ocrx_word' id='word_1_212' title='bbox 2320 1759 2444 1802; x_wconf 90' lang='lat' dir='ltr'><strong>quam</strong></span> 
     </span>
     <span class='ocr_line' id='line_1_22' title="bbox 354 1818 904 1862; baseline -0.004 0"><span class='ocrx_word' id='word_1_213' title='bbox 354 1819 487 1862; x_wconf 89' lang='lat' dir='ltr'><strong>solam</strong></span> <span class='ocrx_word' id='word_1_214' title='bbox 518 1821 653 1861; x_wconf 88' lang='lat' dir='ltr'><strong>oratio</strong></span> <span class='ocrx_word' id='word_1_215' title='bbox 684 1818 904 1861; x_wconf 89' lang='lat' dir='ltr'><strong>desiderat.</strong></span> 
     </span>
    </p>

    <p class='ocr_par' dir='ltr' id='par_1_6' title="bbox 353 1888 2446 2460">
     <span class='ocr_line' id='line_1_23' title="bbox 553 1888 2445 1955; baseline 0 -21"><span class='ocrx_word' id='word_1_216' title='bbox 553 1892 613 1934; x_wconf 87' lang='lat' dir='ltr'><strong>Ex</strong></span> <span class='ocrx_word' id='word_1_217' title='bbox 644 1892 708 1934; x_wconf 88' lang='lat' dir='ltr'><strong>his</strong></span> <span class='ocrx_word' id='word_1_218' title='bbox 739 1898 811 1933; x_wconf 92' lang='lat' dir='ltr'><strong>aut</strong></span> <span class='ocrx_word' id='word_1_219' title='bbox 839 1891 1021 1934; x_wconf 87' lang='lat' dir='ltr'><strong>fallimur</strong></span> <span class='ocrx_word' id='word_1_220' title='bbox 1051 1896 1124 1932; x_wconf 89' lang='lat' dir='ltr'><strong>aut</strong></span> <span class='ocrx_word' id='word_1_221' title='bbox 1156 1891 1255 1931; x_wconf 85' lang='lat' dir='ltr'><strong>satis</strong></span> <span class='ocrx_word' id='word_1_222' title='bbox 1286 1888 1507 1955; x_wconf 63' lang='lat' dir='ltr'><strong>commode</strong></span> <span class='ocrx_word' id='word_1_223' title='bbox 1536 1888 1722 1931; x_wconf 88' lang='lat' dir='ltr'><strong>iudicare</strong></span> <span class='ocrx_word' id='word_1_224' title='bbox 1751 1888 1861 1940; x_wconf 89' lang='lat' dir='ltr'><strong>licet,</strong></span> <span class='ocrx_word' id='word_1_225' title='bbox 1890 1896 2027 1932; x_wconf 89' lang='lat' dir='ltr'><strong>utrum</strong></span> <span class='ocrx_word' id='word_1_226' title='bbox 2058 1892 2300 1948; x_wconf 90' lang='lat' dir='ltr'><strong>quicunque</strong></span> <span class='ocrx_word' id='word_1_227' title='bbox 2327 1891 2445 1948; x_wconf 87' lang='lat' dir='ltr'><strong>apud</strong></span> 
     </span>
     <span class='ocr_line' id='line_1_24' title="bbox 353 1960 2445 2019; baseline 0 -13"><span class='ocrx_word' id='word_1_228' title='bbox 353 1974 516 2009; x_wconf 70' lang='lat' dir='ltr'><strong>veteres</strong></span> <span class='ocrx_word' id='word_1_229' title='bbox 547 1967 775 2018; x_wconf 87' lang='lat' dir='ltr'><strong>scriptores</strong></span> <span class='ocrx_word' id='word_1_230' title='bbox 803 1964 1074 2017; x_wconf 90' lang='lat' dir='ltr'><strong>reperiuntur</strong></span> <span class='ocrx_word' id='word_1_231' title='bbox 1095 1964 1220 2016; x_wconf 90' lang='lat' dir='ltr'><strong>tropi,</strong></span> <span class='ocrx_word' id='word_1_232' title='bbox 1250 1960 1305 2003; x_wconf 89' lang='lat' dir='ltr'><strong>ad</strong></span> <span class='ocrx_word' id='word_1_233' title='bbox 1334 1962 1618 2018; x_wconf 88' lang='lat' dir='ltr'><strong>metaphoram</strong></span> <span class='ocrx_word' id='word_1_234' title='bbox 1646 1962 1855 2005; x_wconf 85' lang='lat' dir='ltr'><strong>referendi</strong></span> <span class='ocrx_word' id='word_1_235' title='bbox 1885 1965 1966 2005; x_wconf 90' lang='lat' dir='ltr'><strong>sint</strong></span> <span class='ocrx_word' id='word_1_236' title='bbox 1996 1977 2049 2006; x_wconf 89' lang='lat' dir='ltr'><strong>an</strong></span> <span class='ocrx_word' id='word_1_237' title='bbox 2078 1964 2133 2006; x_wconf 91' lang='lat' dir='ltr'><strong>ad</strong></span> <span class='ocrx_word' id='word_1_238' title='bbox 2162 1965 2277 2007; x_wconf 90' lang='lat' dir='ltr'><strong>aliud</strong></span> <span class='ocrx_word' id='word_1_239' title='bbox 2307 1965 2445 2019; x_wconf 84' lang='lat' dir='ltr'><strong>quod·</strong></span> 
     </span>
     <span class='ocr_line' id='line_1_25' title="bbox 358 2035 2446 2095; baseline 0 -14"><span class='ocrx_word' id='word_1_240' title='bbox 358 2040 470 2095; x_wconf 86' lang='lat' dir='ltr'><strong>piam</strong></span> <span class='ocrx_word' id='word_1_241' title='bbox 507 2052 651 2095; x_wconf 87' lang='lat' dir='ltr'><strong>genus.</strong></span> <span class='ocrx_word' id='word_1_242' title='bbox 719 2035 843 2093; x_wconf 87' lang='lat' dir='ltr'><strong>Quae</strong></span> <span class='ocrx_word' id='word_1_243' title='bbox 884 2050 1012 2092; x_wconf 89' lang='lat' dir='ltr'><strong>quum</strong></span> <span class='ocrx_word' id='word_1_244' title='bbox 1053 2049 1102 2077; x_wconf 85' lang='lat' dir='ltr'><strong>ex</strong></span> <span class='ocrx_word' id='word_1_245' title='bbox 1140 2036 1407 2090; x_wconf 87' lang='lat' dir='ltr'><strong>antiquorum</strong></span> <span class='ocrx_word' id='word_1_246' title='bbox 1441 2037 1541 2078; x_wconf 91' lang='lat' dir='ltr'><strong>artis</strong></span> <span class='ocrx_word' id='word_1_247' title='bbox 1578 2038 1829 2092; x_wconf 90' lang='lat' dir='ltr'><strong>scriptorum</strong></span> <span class='ocrx_word' id='word_1_248' title='bbox 1868 2039 2103 2093; x_wconf 84' lang='lat' dir='ltr'><strong>praeceptis</strong></span> <span class='ocrx_word' id='word_1_249' title='bbox 2141 2036 2360 2094; x_wconf 87' lang='lat' dir='ltr'><strong>desumpta</strong></span> <span class='ocrx_word' id='word_1_250' title='bbox 2397 2053 2446 2081; x_wconf 90' lang='lat' dir='ltr'><strong>ac</strong></span> 
     </span>
     <span class='ocr_line' id='line_1_26' title="bbox 357 2106 2446 2168; baseline 0 -15"><span class='ocrx_word' id='word_1_251' title='bbox 357 2111 543 2154; x_wconf 87' lang='lat' dir='ltr'><strong>derivata</strong></span> <span class='ocrx_word' id='word_1_252' title='bbox 572 2112 655 2151; x_wconf 88' lang='lat' dir='ltr'><strong>sint</strong></span> <span class='ocrx_word' id='word_1_253' title='bbox 684 2111 833 2159; x_wconf 88' lang='lat' dir='ltr'><strong>omnia,</strong></span> <span class='ocrx_word' id='word_1_254' title='bbox 864 2108 1143 2150; x_wconf 86' lang='lat' dir='ltr'><strong>recentiorum</strong></span> <span class='ocrx_word' id='word_1_255' title='bbox 1174 2106 1228 2149; x_wconf 91' lang='lat' dir='ltr'><strong>de</strong></span> <span class='ocrx_word' id='word_1_256' title='bbox 1258 2106 1321 2150; x_wconf 89' lang='lat' dir='ltr'><strong>his</strong></span> <span class='ocrx_word' id='word_1_257' title='bbox 1351 2106 1480 2150; x_wconf 89' lang='lat' dir='ltr'><strong>rebus</strong></span> <span class='ocrx_word' id='word_1_258' title='bbox 1501 2106 1732 2150; x_wconf 87' lang='lat' dir='ltr'><strong>doctrinam</strong></span> <span class='ocrx_word' id='word_1_259' title='bbox 1752 2108 2158 2166; x_wconf 84' lang='lat' dir='ltr'><strong>praetermittendam</strong></span> <span class='ocrx_word' id='word_1_260' title='bbox 2179 2123 2272 2154; x_wconf 89' lang='lat' dir='ltr'><strong>esse</strong></span> <span class='ocrx_word' id='word_1_261' title='bbox 2291 2115 2446 2168; x_wconf 81' lang='lat' dir='ltr'><strong>putavi,</strong></span> 
     </span>
     <span class='ocr_line' id='line_1_27' title="bbox 355 2183 2445 2242; baseline 0.001 -15"><span class='ocrx_word' id='word_1_262' title='bbox 355 2198 442 2227; x_wconf 92' lang='lat' dir='ltr'><strong>non</strong></span> <span class='ocrx_word' id='word_1_263' title='bbox 473 2196 560 2240; x_wconf 87' lang='lat' dir='ltr'><strong>quo</strong></span> <span class='ocrx_word' id='word_1_264' title='bbox 593 2189 899 2225; x_wconf 82' lang='lat' dir='ltr'><strong>contemnerem</strong></span> <span class='ocrx_word' id='word_1_265' title='bbox 930 2196 979 2223; x_wconf 89' lang='lat' dir='ltr'><strong>ac</strong></span> <span class='ocrx_word' id='word_1_266' title='bbox 1009 2183 1236 2233; x_wconf 88' lang='lat' dir='ltr'><strong>reiicerem,</strong></span> <span class='ocrx_word' id='word_1_267' title='bbox 1268 2196 1378 2237; x_wconf 88' lang='lat' dir='ltr'><strong>quae</strong></span> <span class='ocrx_word' id='word_1_268' title='bbox 1409 2196 1434 2223; x_wconf 86' lang='lat' dir='ltr'><strong>a</strong></span> <span class='ocrx_word' id='word_1_269' title='bbox 1462 2183 1561 2224; x_wconf 88' lang='lat' dir='ltr'><strong>viris</strong></span> <span class='ocrx_word' id='word_1_270' title='bbox 1591 2185 1951 2238; x_wconf 88' lang='lat' dir='ltr'><strong>praestantissimis</strong></span> <span class='ocrx_word' id='word_1_271' title='bbox 1981 2186 2026 2227; x_wconf 92' lang='lat' dir='ltr'><strong>in</strong></span> <span class='ocrx_word' id='word_1_272' title='bbox 2054 2184 2133 2227; x_wconf 88' lang='lat' dir='ltr'><strong>hac</strong></span> <span class='ocrx_word' id='word_1_273' title='bbox 2152 2189 2279 2228; x_wconf 83' lang='lat' dir='ltr'><strong>causa</strong></span> <span class='ocrx_word' id='word_1_274' title='bbox 2300 2184 2445 2242; x_wconf 87' lang='lat' dir='ltr'><strong>dispu-</strong></span> 
     </span>
     <span class='ocr_line' id='line_1_28' title="bbox 356 2253 2446 2314; baseline 0 -13"><span class='ocrx_word' id='word_1_275' title='bbox 356 2264 440 2302; x_wconf 88' lang='lat' dir='ltr'><strong>tata</strong></span> <span class='ocrx_word' id='word_1_276' title='bbox 469 2263 574 2309; x_wconf 89' lang='lat' dir='ltr'><strong>sunt,</strong></span> <span class='ocrx_word' id='word_1_277' title='bbox 606 2255 681 2300; x_wconf 89' lang='lat' dir='ltr'><strong>sed</strong></span> <span class='ocrx_word' id='word_1_278' title='bbox 712 2254 844 2312; x_wconf 91' lang='lat' dir='ltr'><strong>quod,</strong></span> <span class='ocrx_word' id='word_1_279' title='bbox 874 2253 949 2299; x_wconf 90' lang='lat' dir='ltr'><strong>ubi</strong></span> <span class='ocrx_word' id='word_1_280' title='bbox 979 2253 1034 2298; x_wconf 88' lang='lat' dir='ltr'><strong>de</strong></span> <span class='ocrx_word' id='word_1_281' title='bbox 1065 2256 1246 2311; x_wconf 86' lang='lat' dir='ltr'><strong>antiquis</strong></span> <span class='ocrx_word' id='word_1_282' title='bbox 1276 2253 1555 2312; x_wconf 87' lang='lat' dir='ltr'><strong>scriptoribus</strong></span> <span class='ocrx_word' id='word_1_283' title='bbox 1584 2253 1784 2298; x_wconf 91' lang='lat' dir='ltr'><strong>iudicium</strong></span> <span class='ocrx_word' id='word_1_284' title='bbox 1813 2255 2030 2300; x_wconf 82' lang='lat' dir='ltr'><strong>ferendum</strong></span> <span class='ocrx_word' id='word_1_285' title='bbox 2061 2263 2136 2309; x_wconf 88' lang='lat' dir='ltr'><strong>est,</strong></span> <span class='ocrx_word' id='word_1_286' title='bbox 2167 2271 2446 2314; x_wconf 86' lang='lat' dir='ltr'><strong>quaecunque</strong></span> 
     </span>
     <span class='ocr_line' id='line_1_29' title="bbox 358 2327 2445 2386; baseline 0 -15"><span class='ocrx_word' id='word_1_287' title='bbox 358 2334 400 2372; x_wconf 90' lang='lat' dir='ltr'><strong>in</strong></span> <span class='ocrx_word' id='word_1_288' title='bbox 439 2332 762 2372; x_wconf 88' lang='lat' dir='ltr'><strong>controversiam</strong></span> <span class='ocrx_word' id='word_1_289' title='bbox 792 2331 979 2380; x_wconf 86' lang='lat' dir='ltr'><strong>veniunt,</strong></span> <span class='ocrx_word' id='word_1_290' title='bbox 1018 2327 1072 2369; x_wconf 91' lang='lat' dir='ltr'><strong>ad</strong></span> <span class='ocrx_word' id='word_1_291' title='bbox 1107 2328 1294 2385; x_wconf 85' lang='lat' dir='ltr'><strong>regulam</strong></span> <span class='ocrx_word' id='word_1_292' title='bbox 1324 2341 1426 2379; x_wconf 88' lang='lat' dir='ltr'><strong>eam,</strong></span> <span class='ocrx_word' id='word_1_293' title='bbox 1467 2341 1576 2383; x_wconf 87' lang='lat' dir='ltr'><strong>quae</strong></span> <span class='ocrx_word' id='word_1_294' title='bbox 1606 2327 1659 2369; x_wconf 86' lang='lat' dir='ltr'><strong>ab</strong></span> <span class='ocrx_word' id='word_1_295' title='bbox 1689 2328 1772 2371; x_wconf 88' lang='lat' dir='ltr'><strong>illis</strong></span> <span class='ocrx_word' id='word_1_296' title='bbox 1801 2331 1903 2385; x_wconf 90' lang='lat' dir='ltr'><strong>ipsis</strong></span> <span class='ocrx_word' id='word_1_297' title='bbox 1934 2343 2167 2385; x_wconf 87' lang='lat' dir='ltr'><strong>eorumque</strong></span> <span class='ocrx_word' id='word_1_298' title='bbox 2197 2329 2445 2386; x_wconf 84' lang='lat' dir='ltr'><strong>aequalibus</strong></span> 
     </span>
     <span class='ocr_line' id='line_1_30' title="bbox 359 2402 2394 2460; baseline 0 -14"><span class='ocrx_word' id='word_1_299' title='bbox 359 2406 581 2447; x_wconf 84' lang='lat' dir='ltr'><strong>examinata</strong></span> <span class='ocrx_word' id='word_1_300' title='bbox 611 2411 651 2445; x_wconf 90' lang='lat' dir='ltr'><strong>et</strong></span> <span class='ocrx_word' id='word_1_301' title='bbox 680 2403 859 2459; x_wconf 90' lang='lat' dir='ltr'><strong>probata</strong></span> <span class='ocrx_word' id='word_1_302' title='bbox 889 2410 964 2455; x_wconf 90' lang='lat' dir='ltr'><strong>est,</strong></span> <span class='ocrx_word' id='word_1_303' title='bbox 996 2404 1156 2459; x_wconf 84' lang='lat' dir='ltr'><strong>exigere</strong></span> <span class='ocrx_word' id='word_1_304' title='bbox 1188 2410 1230 2444; x_wconf 93' lang='lat' dir='ltr'><strong>et</strong></span> <span class='ocrx_word' id='word_1_305' title='bbox 1260 2402 1481 2459; x_wconf 84' lang='lat' dir='ltr'><strong>explorare</strong></span> <span class='ocrx_word' id='word_1_306' title='bbox 1511 2404 1804 2458; x_wconf 82' lang='lat' dir='ltr'><strong>aequissimum</strong></span> <span class='ocrx_word' id='word_1_307' title='bbox 1835 2402 2021 2446; x_wconf 86' lang='lat' dir='ltr'><strong>duxerim</strong></span> <span class='ocrx_word' id='word_1_308' title='bbox 2050 2406 2394 2460; x_wconf 87' lang='lat' dir='ltr'><strong>tutissimumque.</strong></span> 
     </span>
    </p>

    <p class='ocr_par' dir='ltr' id='par_1_7' title="bbox 357 2475 2446 3275">
     <span class='ocr_line' id='line_1_31' title="bbox 557 2475 2445 2536; baseline 0.001 -17"><span class='ocrx_word' id='word_1_309' title='bbox 557 2476 750 2530; x_wconf 88' lang='lat' dir='ltr'><strong>Eandem,</strong></span> <span class='ocrx_word' id='word_1_310' title='bbox 781 2478 817 2520; x_wconf 92' lang='lat' dir='ltr'><strong>si</strong></span> <span class='ocrx_word' id='word_1_311' title='bbox 846 2475 940 2520; x_wconf 87' lang='lat' dir='ltr'><strong>fieri</strong></span> <span class='ocrx_word' id='word_1_312' title='bbox 970 2477 1117 2534; x_wconf 89' lang='lat' dir='ltr'><strong>possit,</strong></span> <span class='ocrx_word' id='word_1_313' title='bbox 1146 2476 1280 2534; x_wconf 87' lang='lat' dir='ltr'><strong>legem</strong></span> <span class='ocrx_word' id='word_1_314' title='bbox 1312 2490 1388 2534; x_wconf 85' lang='lat' dir='ltr'><strong>age</strong></span> <span class='ocrx_word' id='word_1_315' title='bbox 1418 2490 1642 2533; x_wconf 87' lang='lat' dir='ltr'><strong>sequamur</strong></span> <span class='ocrx_word' id='word_1_316' title='bbox 1669 2478 1713 2520; x_wconf 90' lang='lat' dir='ltr'><strong>in</strong></span> <span class='ocrx_word' id='word_1_317' title='bbox 1741 2475 1988 2535; x_wconf 89' lang='lat' dir='ltr'><strong>partibus</strong></span> <span class='ocrx_word' id='word_1_318' title='bbox 2017 2478 2370 2536; x_wconf 87' lang='lat' dir='ltr'><strong>metaphorae,</strong></span> <span class='ocrx_word' id='word_1_319' title='bbox 2401 2480 2445 2521; x_wconf 93' lang='lat' dir='ltr'><strong>in</strong></span> 
     </span>
     <span class='ocr_line' id='line_1_32' title="bbox 361 2548 2444 2609; baseline 0 -16"><span class='ocrx_word' id='word_1_320' title='bbox 361 2566 442 2606; x_wconf 89' lang='lat' dir='ltr'><strong>qua</strong></span> <span class='ocrx_word' id='word_1_321' title='bbox 471 2551 563 2593; x_wconf 88' lang='lat' dir='ltr'><strong>sola</strong></span> <span class='ocrx_word' id='word_1_322' title='bbox 592 2558 736 2593; x_wconf 88' lang='lat' dir='ltr'><strong>nostra</strong></span> <span class='ocrx_word' id='word_1_323' title='bbox 765 2549 1001 2593; x_wconf 86' lang='lat' dir='ltr'><strong>versabitur</strong></span> <span class='ocrx_word' id='word_1_324' title='bbox 1033 2552 1181 2603; x_wconf 86' lang='lat' dir='ltr'><strong>oratio,</strong></span> <span class='ocrx_word' id='word_1_325' title='bbox 1214 2548 1530 2602; x_wconf 86' lang='lat' dir='ltr'><strong>constituendis,</strong></span> <span class='ocrx_word' id='word_1_326' title='bbox 1561 2549 1614 2593; x_wconf 91' lang='lat' dir='ltr'><strong>de</strong></span> <span class='ocrx_word' id='word_1_327' title='bbox 1644 2550 1799 2608; x_wconf 89' lang='lat' dir='ltr'><strong>quibus</strong></span> <span class='ocrx_word' id='word_1_328' title='bbox 1828 2553 1935 2594; x_wconf 89' lang='lat' dir='ltr'><strong>miro</strong></span> <span class='ocrx_word' id='word_1_329' title='bbox 1968 2565 2176 2595; x_wconf 89' lang='lat' dir='ltr'><strong>consensu</strong></span> <span class='ocrx_word' id='word_1_330' title='bbox 2206 2550 2444 2609; x_wconf 85' lang='lat' dir='ltr'><strong>disputave-</strong></span> 
     </span>
     <span class='ocr_line' id='line_1_33' title="bbox 361 2623 2444 2682; baseline 0 -16"><span class='ocrx_word' id='word_1_331' title='bbox 361 2633 456 2667; x_wconf 89' lang='lat' dir='ltr'><strong>runt</strong></span> <span class='ocrx_word' id='word_1_332' title='bbox 492 2628 739 2682; x_wconf 80' lang='lat' dir='ltr'><strong>grammatici</strong></span> <span class='ocrx_word' id='word_1_333' title='bbox 777 2626 948 2681; x_wconf 90' lang='lat' dir='ltr'><strong>antiqui.</strong></span> <span class='ocrx_word' id='word_1_334' title='bbox 1016 2623 1229 2681; x_wconf 85' lang='lat' dir='ltr'><strong>Quattuor</strong></span> <span class='ocrx_word' id='word_1_335' title='bbox 1259 2626 1369 2668; x_wconf 91' lang='lat' dir='ltr'><strong>enim</strong></span> <span class='ocrx_word' id='word_1_336' title='bbox 1398 2624 1704 2681; x_wconf 88' lang='lat' dir='ltr'><strong>propemodum</strong></span> <span class='ocrx_word' id='word_1_337' title='bbox 1735 2639 1880 2668; x_wconf 88' lang='lat' dir='ltr'><strong>omnes</strong></span> <span class='ocrx_word' id='word_1_338' title='bbox 1909 2626 2053 2669; x_wconf 89' lang='lat' dir='ltr'><strong>harum</strong></span> <span class='ocrx_word' id='word_1_339' title='bbox 2082 2640 2221 2669; x_wconf 89' lang='lat' dir='ltr'><strong>rerum</strong></span> <span class='ocrx_word' id='word_1_340' title='bbox 2253 2633 2444 2668; x_wconf 90' lang='lat' dir='ltr'><strong>auctores</strong></span> 
     </span>
     <span class='ocr_line' id='line_1_34' title="bbox 361 2695 2444 2764; baseline 0.001 -25"><span class='ocrx_word' id='word_1_341' title='bbox 361 2699 624 2753; x_wconf 87' lang='lat' dir='ltr'><strong>metaphorae</strong></span> <span class='ocrx_word' id='word_1_342' title='bbox 654 2702 958 2743; x_wconf 88' lang='lat' dir='ltr'><strong>constituerunt</strong></span> <span class='ocrx_word' id='word_1_343' title='bbox 987 2705 1140 2756; x_wconf 90' lang='lat' dir='ltr'><strong>partes.</strong></span> <span class='ocrx_word' id='word_1_344' title='bbox 1200 2699 1254 2741; x_wconf 91' lang='lat' dir='ltr'><strong>V.</strong></span> <span class='ocrx_word' id='word_1_345' title='bbox 1274 2699 1436 2764; x_wconf 82' lang='lat' dir='ltr'><strong>Tryph.</strong></span> <span class='ocrx_word' id='word_1_346' title='bbox 1466 2698 1493 2740; x_wconf 93' lang='lat' dir='ltr'><strong>l.</strong></span> <span class='ocrx_word' id='word_1_347' title='bbox 1512 2713 1547 2741; x_wconf 88' lang='lat' dir='ltr'><strong>c.</strong></span> <span class='ocrx_word' id='word_1_348' title='bbox 1577 2714 1618 2756; x_wconf 91' lang='lat' dir='ltr'><strong>p.</strong></span> <span class='ocrx_word' id='word_1_349' title='bbox 1632 2701 1729 2753; x_wconf 85' lang='lat'><strong>730,</strong></span> <span class='ocrx_word' id='word_1_350' title='bbox 1761 2703 1809 2742; x_wconf 89' lang='grc'><strong>2.</strong></span> <span class='ocrx_word' id='word_1_351' title='bbox 1839 2698 1985 2757; x_wconf 67' lang='grc' dir='ltr'><strong><em>γίνεαι</em></strong></span> <span class='ocrx_word' id='word_1_352' title='bbox 2010 2699 2100 2749; x_wconf 69' lang='lat' dir='ltr'><strong>dcvi</strong></span> <span class='ocrx_word' id='word_1_353' title='bbox 2124 2695 2344 2757; x_wconf 70' lang='grc' dir='ltr'><strong>μεταφορα.</strong></span> <span class='ocrx_word' id='word_1_354' title='bbox 2368 2716 2444 2742; x_wconf 81' lang='grc' dir='ltr'><strong>τε-</strong></span> 
     </span>
     <span class='ocr_line' id='line_1_35' title="bbox 361 2768 2446 2834; baseline 0 -19"><span class='ocrx_word' id='word_1_355' title='bbox 361 2770 578 2827; x_wconf 67' lang='grc' dir='ltr'><em>τραχῶς,</em></span> <span class='ocrx_word' id='word_1_356' title='bbox 603 2769 680 2816; x_wconf 66' lang='grc' dir='ltr'><strong>εἰπὲ</strong></span> <span class='ocrx_word' id='word_1_357' title='bbox 707 2770 911 2831; x_wconf 68' lang='grc' dir='ltr'><em>ἐμψύχων</em></span> <span class='ocrx_word' id='word_1_358' title='bbox 937 2770 998 2817; x_wconf 73' lang='grc' dir='ltr'><strong>ἐπὶ</strong></span> <span class='ocrx_word' id='word_1_359' title='bbox 1024 2771 1211 2832; x_wconf 64' lang='grc' dir='ltr'><strong>ἔμψυχα.</strong></span> <span class='ocrx_word' id='word_1_360' title='bbox 1237 2798 1306 2825; x_wconf 86' lang='lat'><strong>—,</strong></span> <span class='ocrx_word' id='word_1_361' title='bbox 1342 2768 1424 2818; x_wconf 69' lang='grc' dir='ltr'><strong>ἀπο</strong></span> <span class='ocrx_word' id='word_1_362' title='bbox 1449 2768 1631 2831; x_wconf 64' lang='grc' dir='ltr'><em>ἀψύχων</em></span> <span class='ocrx_word' id='word_1_363' title='bbox 1657 2770 1718 2818; x_wconf 76' lang='grc' dir='ltr'><strong>ἐπὶ</strong></span> <span class='ocrx_word' id='word_1_364' title='bbox 1744 2769 1907 2834; x_wconf 64' lang='grc' dir='ltr'><strong>ἄψυχα.</strong></span> <span class='ocrx_word' id='word_1_365' title='bbox 1935 2799 2004 2827; x_wconf 91' lang='grc'><strong>-,</strong></span> <span class='ocrx_word' id='word_1_366' title='bbox 2039 2771 2120 2819; x_wconf 67' lang='lat' dir='ltr'><strong>dm?</strong></span> <span class='ocrx_word' id='word_1_367' title='bbox 2144 2769 2350 2831; x_wconf 70' lang='grc' dir='ltr'><strong>ι’μψιῖχωι</strong></span> <span class='ocrx_word' id='word_1_368' title='bbox 2384 2769 2446 2817; x_wconf 73' lang='grc' dir='ltr'><strong>ἐπι</strong></span> 
     </span>
     <span class='ocr_line' id='line_1_36' title="bbox 362 2840 2445 2905; baseline 0 -17"><span class='ocrx_word' id='word_1_369' title='bbox 362 2840 526 2900; x_wconf 68' lang='grc' dir='ltr'><strong>ἄψυχα.</strong></span> <span class='ocrx_word' id='word_1_370' title='bbox 562 2868 629 2894; x_wconf 87' lang='grc'><strong>-,</strong></span> <span class='ocrx_word' id='word_1_371' title='bbox 662 2844 738 2889; x_wconf 57' lang='lat' dir='ltr'><strong>dno*</strong></span> <span class='ocrx_word' id='word_1_372' title='bbox 770 2846 954 2903; x_wconf 68' lang='grc' dir='ltr'><strong><em>ἀψύχων</em></strong></span> <span class='ocrx_word' id='word_1_373' title='bbox 986 2845 1046 2890; x_wconf 79' lang='grc' dir='ltr'><strong>ἐπὶ</strong></span> <span class='ocrx_word' id='word_1_374' title='bbox 1077 2846 1263 2905; x_wconf 66' lang='grc' dir='ltr'>ἔμψυχα</span> <span class='ocrx_word' id='word_1_375' title='bbox 1295 2872 1364 2888; x_wconf 91' lang='lat'><strong>-.</strong></span> <span class='ocrx_word' id='word_1_376' title='bbox 1427 2845 1539 2889; x_wconf 89' lang='lat' dir='ltr'><strong>Cum</strong></span> <span class='ocrx_word' id='word_1_377' title='bbox 1570 2861 1656 2903; x_wconf 90' lang='lat' dir='ltr'><strong>quo</strong></span> <span class='ocrx_word' id='word_1_378' title='bbox 1686 2850 1835 2891; x_wconf 88' lang='lat' dir='ltr'><strong>iterum</strong></span> <span class='ocrx_word' id='word_1_379' title='bbox 1864 2850 2166 2904; x_wconf 78' lang='lat' dir='ltr'><strong>coniungamus</strong></span> <span class='ocrx_word' id='word_1_380' title='bbox 2196 2846 2445 2902; x_wconf 85' lang='lat' dir='ltr'><strong>Quinctilia-</strong></span> 
     </span>
     <span class='ocr_line' id='line_1_37' title="bbox 360 2917 2444 2981; baseline 0.002 -21"><span class='ocrx_word' id='word_1_381' title='bbox 360 2931 462 2960; x_wconf 87' lang='lat' dir='ltr'><strong>num</strong></span> <span class='ocrx_word' id='word_1_382' title='bbox 490 2917 587 2961; x_wconf 90' lang='lat' dir='ltr'><strong>Inst.</strong></span> <span class='ocrx_word' id='word_1_383' title='bbox 619 2920 658 2970; x_wconf 90' lang='grc'><strong>8,</strong></span> <span class='ocrx_word' id='word_1_384' title='bbox 689 2919 727 2971; x_wconf 89' lang='lat'><strong>6,</strong></span> <span class='ocrx_word' id='word_1_385' title='bbox 759 2920 799 2971; x_wconf 87' lang='grc'><strong>9,</strong></span> <span class='ocrx_word' id='word_1_386' title='bbox 833 2922 906 2961; x_wconf 83' lang='grc' dir='ltr'><strong>1οι</strong></span> <span class='ocrx_word' id='word_1_387' title='bbox 938 2917 1057 2962; x_wconf 70' lang='lat' dir='ltr'><strong>hidas</strong></span> <span class='ocrx_word' id='word_1_388' title='bbox 1089 2922 1159 2964; x_wconf 81' lang='lat' dir='ltr'><strong>vis</strong></span> <span class='ocrx_word' id='word_1_389' title='bbox 1187 2923 1326 2964; x_wconf 84' lang='lat' dir='ltr'><strong>omnis</strong></span> <span class='ocrx_word' id='word_1_390' title='bbox 1350 2918 1592 2981; x_wconf 83' lang='lat' dir='ltr'><strong>quadrup</strong></span> <span class='ocrx_word' id='word_1_391' title='bbox 1604 2920 1693 2965; x_wconf 78' lang='lat' dir='ltr'><strong>lex</strong></span> <span class='ocrx_word' id='word_1_392' title='bbox 1713 2923 1906 2965; x_wconf 74' lang='lat' dir='ltr'><strong>maxime</strong></span> <span class='ocrx_word' id='word_1_393' title='bbox 1926 2918 2123 2964; x_wconf 80' lang='lat' dir='ltr'><strong>videtur.-</strong></span> <span class='ocrx_word' id='word_1_394' title='bbox 2151 2935 2283 2981; x_wconf 84' lang='lat' dir='ltr'><strong>quum</strong></span> <span class='ocrx_word' id='word_1_395' title='bbox 2305 2922 2352 2964; x_wconf 85' lang='lat' dir='ltr'><strong>in</strong></span> <span class='ocrx_word' id='word_1_396' title='bbox 2379 2937 2444 2964; x_wconf 84' lang='lat' dir='ltr'><strong>re-</strong></span> 
     </span>
     <span class='ocr_line' id='line_1_38' title="bbox 362 2989 2444 3055; baseline 0.003 -22"><span class='ocrx_word' id='word_1_397' title='bbox 362 2989 442 3033; x_wconf 85' lang='lat' dir='ltr'><strong>bus</strong></span> <span class='ocrx_word' id='word_1_398' title='bbox 469 2990 729 3035; x_wconf 84' lang='lat' dir='ltr'><strong>animalibus</strong></span> <span class='ocrx_word' id='word_1_399' title='bbox 760 2990 884 3036; x_wconf 84' lang='lat' dir='ltr'><strong>aliud</strong></span> <span class='ocrx_word' id='word_1_400' title='bbox 906 3006 990 3051; x_wconf 85' lang='lat' dir='ltr'><strong>pro</strong></span> <span class='ocrx_word' id='word_1_401' title='bbox 1019 2991 1105 3035; x_wconf 86' lang='lat' dir='ltr'><strong>alio</strong></span> <span class='ocrx_word' id='word_1_402' title='bbox 1133 2998 1323 3052; x_wconf 86' lang='lat' dir='ltr'><strong>ponitur.</strong></span> <span class='ocrx_word' id='word_1_403' title='bbox 1361 3020 1415 3029; x_wconf 95' lang='lat'><strong>—</strong></span> <span class='ocrx_word' id='word_1_404' title='bbox 1479 2996 1687 3039; x_wconf 84' lang='lat' dir='ltr'><strong>Inanima</strong></span> <span class='ocrx_word' id='word_1_405' title='bbox 1708 3010 1790 3055; x_wconf 82' lang='lat' dir='ltr'><strong>pro</strong></span> <span class='ocrx_word' id='word_1_406' title='bbox 1821 2994 1920 3038; x_wconf 80' lang='lat' dir='ltr'><strong>aliis</strong></span> <span class='ocrx_word' id='word_1_407' title='bbox 1946 2996 2117 3054; x_wconf 73' lang='lat' dir='ltr'><strong>generis</strong></span> <span class='ocrx_word' id='word_1_408' title='bbox 2148 2992 2337 3039; x_wconf 73' lang='lat' dir='ltr'><strong>eiusdem</strong></span> <span class='ocrx_word' id='word_1_409' title='bbox 2368 3011 2444 3039; x_wconf 81' lang='lat' dir='ltr'><strong>su-</strong></span> 
     </span>
     <span class='ocr_line' id='line_1_39' title="bbox 357 3065 2444 3128; baseline 0.001 -21"><span class='ocrx_word' id='word_1_410' title='bbox 357 3073 540 3108; x_wconf 79' lang='lat' dir='ltr'><strong>muntur</strong></span> <span class='ocrx_word' id='word_1_411' title='bbox 570 3088 640 3113; x_wconf 89' lang='lat'><strong>-,</strong></span> <span class='ocrx_word' id='word_1_412' title='bbox 681 3076 757 3107; x_wconf 82' lang='lat' dir='ltr'><strong>aut</strong></span> <span class='ocrx_word' id='word_1_413' title='bbox 794 3081 877 3122; x_wconf 78' lang='lat' dir='ltr'><strong>pro</strong></span> <span class='ocrx_word' id='word_1_414' title='bbox 911 3065 1036 3108; x_wconf 79' lang='lat' dir='ltr'><strong>rebus</strong></span> <span class='ocrx_word' id='word_1_415' title='bbox 1070 3068 1327 3111; x_wconf 83' lang='lat' dir='ltr'><strong>animalibus</strong></span> <span class='ocrx_word' id='word_1_416' title='bbox 1361 3069 1561 3112; x_wconf 83' lang='lat' dir='ltr'><strong>inanima</strong></span> <span class='ocrx_word' id='word_1_417' title='bbox 1591 3093 1645 3103; x_wconf 87' lang='lat'><strong>—</strong></span> <span class='ocrx_word' id='word_1_418' title='bbox 1677 3078 1754 3111; x_wconf 76' lang='lat' dir='ltr'><strong>aut</strong></span> <span class='ocrx_word' id='word_1_419' title='bbox 1784 3078 1937 3111; x_wconf 84' lang='lat' dir='ltr'><strong>eontra</strong></span> <span class='ocrx_word' id='word_1_420' title='bbox 1968 3094 2040 3111; x_wconf 77' lang='lat'><strong>——.</strong></span> <span class='ocrx_word' id='word_1_421' title='bbox 2097 3068 2253 3113; x_wconf 88' lang='lat' dir='ltr'><strong>Eadem</strong></span> <span class='ocrx_word' id='word_1_422' title='bbox 2282 3072 2444 3128; x_wconf 89' lang='lat' dir='ltr'><strong>praeci-</strong></span> 
     </span>
     <span class='ocr_line' id='line_1_40' title="bbox 358 3134 2443 3200; baseline 0 -18"><span class='ocrx_word' id='word_1_423' title='bbox 358 3141 479 3194; x_wconf 82' lang='lat' dir='ltr'><strong>piunt</strong></span> <span class='ocrx_word' id='word_1_424' title='bbox 502 3138 760 3195; x_wconf 78' lang='lat' dir='ltr'><strong>Anonymus</strong></span> <span class='ocrx_word' id='word_1_425' title='bbox 790 3134 873 3194; x_wconf 67' lang='grc' dir='ltr'>περὶ</span> <span class='ocrx_word' id='word_1_426' title='bbox 896 3135 1039 3195; x_wconf 69' lang='grc' dir='ltr'><strong><em>τρόπων</em></strong></span> <span class='ocrx_word' id='word_1_427' title='bbox 1069 3138 1096 3181; x_wconf 91' lang='lat' dir='ltr'><strong>l.</strong></span> <span class='ocrx_word' id='word_1_428' title='bbox 1112 3154 1147 3182; x_wconf 90' lang='lat' dir='ltr'><strong>c.</strong></span> <span class='ocrx_word' id='word_1_429' title='bbox 1177 3141 1313 3196; x_wconf 84' lang='lat' dir='ltr'><strong>p.715</strong></span> <span class='ocrx_word' id='word_1_430' title='bbox 1344 3158 1418 3199; x_wconf 66' lang='lat' dir='ltr'><strong>sq„</strong></span> <span class='ocrx_word' id='word_1_431' title='bbox 1449 3142 1721 3188; x_wconf 85' lang='lat' dir='ltr'><strong>Cocondrius</strong></span> <span class='ocrx_word' id='word_1_432' title='bbox 1750 3144 1901 3200; x_wconf 82' lang='lat' dir='ltr'><strong>p.785,</strong></span> <span class='ocrx_word' id='word_1_433' title='bbox 1932 3142 2265 3188; x_wconf 77' lang='lat' dir='ltr'><strong>Choeroboscus</strong></span> <span class='ocrx_word' id='word_1_434' title='bbox 2293 3140 2443 3198; x_wconf 83' lang='lat' dir='ltr'><strong>p.804,</strong></span> 
     </span>
     <span class='ocr_line' id='line_1_41' title="bbox 359 3210 2443 3275; baseline 0.002 -22"><span class='ocrx_word' id='word_1_435' title='bbox 359 3210 473 3264; x_wconf 77' lang='lat' dir='ltr'><strong>l.12‚</strong></span> <span class='ocrx_word' id='word_1_436' title='bbox 513 3212 712 3256; x_wconf 88' lang='lat' dir='ltr'><strong>Donatus</strong></span> <span class='ocrx_word' id='word_1_437' title='bbox 750 3212 871 3269; x_wconf 79' lang='lat' dir='ltr'><strong>p.32.</strong></span> <span class='ocrx_word' id='word_1_438' title='bbox 908 3212 965 3255; x_wconf 77' lang='lat'><strong>53</strong></span> <span class='ocrx_word' id='word_1_439' title='bbox 988 3211 1036 3254; x_wconf 92' lang='lat' dir='ltr'><strong>L.</strong></span> <span class='ocrx_word' id='word_1_440' title='bbox 1074 3214 1238 3269; x_wconf 84' lang='lat' dir='ltr'><strong>p.1775</strong></span> <span class='ocrx_word' id='word_1_441' title='bbox 1277 3215 1334 3268; x_wconf 75' lang='lat' dir='ltr'><strong>P„</strong></span> <span class='ocrx_word' id='word_1_442' title='bbox 1372 3216 1585 3262; x_wconf 87' lang='lat' dir='ltr'><strong>Charisius</strong></span> <span class='ocrx_word' id='word_1_443' title='bbox 1621 3218 1773 3275; x_wconf 83' lang='lat' dir='ltr'><strong>p.161.</strong></span> <span class='ocrx_word' id='word_1_444' title='bbox 1817 3219 1898 3261; x_wconf 89' lang='grc'><strong>162</strong></span> <span class='ocrx_word' id='word_1_445' title='bbox 1913 3217 1960 3261; x_wconf 91' lang='lat' dir='ltr'><strong>L.</strong></span> <span class='ocrx_word' id='word_1_446' title='bbox 2006 3218 2145 3275; x_wconf 80' lang='lat' dir='ltr'><strong>p.243</strong></span> <span class='ocrx_word' id='word_1_447' title='bbox 2167 3219 2225 3267; x_wconf 91' lang='lat' dir='ltr'><strong>P.‚</strong></span> <span class='ocrx_word' id='word_1_448' title='bbox 2270 3214 2443 3258; x_wconf 88' lang='lat' dir='ltr'><strong>Diome-</strong></span> 
     </span>
    </p>
   </div>
  </div>
 </body>
</html>
