2757 3701
1353 253 1419 304 30

338 437 448 478 sicut
472 433 691 492 Apennini
710 429 868 473 dorso
904 428 1044 473 Italia
1078 427 1303 474 dividitur.
1354 430 1487 484 ⁴4⁵⁴,
1508 433 1556 474 δε
1592 432 1745 491 iurgia*
1769 429 1940 479 montis,
1973 428 2022 470 in
2047 438 2278 487 angustum
2304 429 2430 474 dor-

338 522 444 549 sum
475 513 721 546 cuneatum.
758 527 813 537 —
868 502 1033 545 Deinde
1062 502 1283 551 vertex,
1323 503 1531 553 velutc.
1556 505 1595 555 5,
1632 505 1697 554 16,
1726 504 1803 549 27:
1842 499 2029 544 eundum
2050 513 2159 558 ergo
2183 503 2237 543 in
2260 502 2429 545 editum

337 577 565 625 verticem‚·
599 576 642 627 7,
673 575 744 628 42,
777 577 852 623 17:
885 589 972 634 per
1003 573 1082 616 has
1119 567 1395 630 difficultates
1433 577 1662 619 enit-'itur
1685 578 1736 618 in
1769 573 2032 617 verticem
2062 574 2244 623 mamb,-
2288 577 2330 628 6,
2359 578 2430 627 22,

337 648 413 692 24:
444 651 492 691 in
523 650 734 693 vertice
764 650 917 704 (rupis)
946 645 1150 689 herbidus
1171 662 1388 707 ·campus.-
1440 648 1577 705 Quod
1600 662 1731 706 quam
1758 645 1940 704 probum
1968 647 2034 698 sit,
2064 659 2115 690 ex
2141 644 2237 689 rol-
2255 653 2431 690 'eo-m

338 721 697 779 Quinctiliani
726 720 1006 776 disputatione
1031 721 1071 771 8,
1089 722 1129 772 2,
1144 719 1185 766 7.
1212 743 1267 755 --
1308 722 1419 764 Tum
1449 721 1605 765 d'e’mde
1629 735 1795 766 cornu
1821 716 2430 778 C.3,10,6=1qu0d(iugm)

340 811 468 853 quum
498 810 527 835 a
557 795 671 835 mari
698 802 913 851 assurgat,
941 791 1067 835 velut
1095 794 1194 835 sinu
1217 792 1639 855 quodamflesuque
1656 803 1894 841 crematum,
1927 806 2071 834 mnus
2098 790 2240 834 altem
2269 807 2430 836 cornu

339 870 383 910 in
420 865 630 909 diversum
665 863 764 909 litus
799 867 1010 909 excurrit.
1075 865 1185 910 Cum
1226 880 1316 923 quo
1345 868 1643 912 comminanda
1671 874 1765 911 sunt
1789 865 1847 910 C.
1862 866 1906 918 ’6,
1941 867 2007 916 12,
2043 861 2306 907 16:1122220
2329 881 2430 908 nna-

342 942 459 983 xime
490 936 669 981 similem
704 940 893 993 (sinum),
920 953 1054 998 quum
1086 941 1277 983 eminent
1304 948 1596 990 cornua‚.et
1624 944 1666 993 8,
1687 942 1758 991 33,
1781 940 1859 983 36ε
1889 952 2023 997 quum
2048 950 2097 979 se
2126 950 2304 980 curvam
2328 950 2431 980 coe-

336 1013 402 1071 pit
440 1011 598 1066 (luna)
635 1012 682 1053 in
722 1026 933 1055 cornua.
991 1012 1067 1055 Est
1096 1026 1197 1070 ergo
1236 1026 1370 1056 cornu
1410 1013 1586 1057 alterum
1623 1015 1746 1069 quasi
1783 1012 1922 1055 inflexi
1958 1012 2045 1067 iugi
2080 1008 2296 1053 brachium
2328 1022 2430 1066 pro-

341 1098 510 1125 currens
539 1085 581 1124 in
610 1083 825 1139 planitiem
854 1092 927 1126 aut
954 1100 1080 1137 mare,
1117 1100 1259 1142 neque
1287 1101 1392 1128 vero
1424 1101 1475 1129 ex
1501 1088 1763 1137 nostratium,
1799 1084 2089 1127 Helvetiorum
2126 1084 2309 1133 maxime,
2347 1096 2432 1125 usu

341 1158 386 1198 in
426 1155 676 1199 denotandis
718 1155 907 1212 abruptis
948 1159 1150 1200 montium
1186 1157 1415 1200 verticibus
1458 1157 1635 1201 solemm'
1674 1154 1965 1200 illustrandum
2000 1154 2075 1197 illo
2100 1153 2283 1211 quidem
2316 1153 2429 1197 loco.

342 1228 405 1270 lta
442 1227 600 1270 Caesar
638 1228 751 1285 apud
783 1227 873 1271 Cic.
905 1228 957 1270 ad
988 1229 1071 1271 Att.
1103 1231 1143 1282 9,
1177 1228 1244 1283 14,
1279 1231 1321 1272 1:
1360 1227 1419 1272 ab
1458 1238 1638 1290 utroque
1673 1237 1827 1288 portus
1860 1242 2023 1271 cornu
2060 1224 2192 1270 moles
2231 1226 2426 1271 iacimus.

340 1302 497 1341 Lucan.
521 1304 560 1350 2,
592 1301 695 1346 706:
728 1302 961 1358 praecipiti
988 1315 1114 1342 cursu
1132 1302 1260 1354 flexi
1285 1314 1370 1359 per
1397 1314 1597 1343 cornua
1622 1309 1774 1356 pomis
1804 1312 1884 1339 om
1910 1307 2081 1356 petunt.
2142 1298 2232 1340 Liv.
2261 1298 2330 1349 37,
2365 1299 2429 1348 11,

342 1374 389 1414 8:
416 1375 735 1428 promontoria,
768 1387 881 1429 quae
909 1371 1156 1414 cornibus
1186 1371 1362 1413 obiectis
1386 1371 1445 1412 ab
1468 1371 1561 1412 alto
1575 1379 1753 1427 portum
1764 1368 1961 1422 faciunt.
1990 1394 2044 1403 —
2089 1371 2265 1424 Insuper
2281 1371 2429 1411 sinus

338 1448 503 1497 praeter
534 1439 584 1484 C.
607 1442 647 1490 3,
684 1442 748 1488 10,
781 1441 820 1491 6,
858 1452 945 1494 quo
974 1438 1103 1481 modo
1135 1432 1366 1491 utebamur,
1399 1440 1437 1491 6,
1477 1442 1541 1490 12,
1578 1441 1649 1481 16:
1686 1436 1772 1481 duo
1804 1438 1946 1482 tei-rae
1977 1436 2067 1482 eius
2095 1437 2219 1482 velut
2248 1438 2429 1482 brachia

337 1520 586 1555 excurrunt.-
620 1508 766 1552 media
784 1511 922 1566 flexu
949 1508 1116 1553 modico
1147 1511 1231 1553 sin
1242 1526 1324 1553 um·
1343 1510 1535 1564 faciunt,
1570 1518 1612 1554 et
1640 1513 1682 1563 3,
1713 1510 1783 1562 24,
1818 1513 1890 1554 12‘:
1923 1510 2138 1569 paulatim
2167 1509 2325 1555 deinde
2359 1510 2428 1554 Ia-

336 1600 446 1627 mare
483 1600 529 1625 se
567 1586 711 1625 sinus
751 1585 1007 1624 montium
1042 1592 1086 1625 et
1123 1585 1261 1625 maius
1299 1586 1489 1640 spatium
1527 1585 1699 1640 aper-im
1742 1593 1995 1640 coeperante
2037 1596 2147 1637 quae
2175 1582 2307 1625 verba
2343 1595 2430 1625 non

338 1659 401 1700 uti
430 1672 507 1714 par
537 1662 624 1699 erat
654 1655 842 1711 exposita
872 1660 970 1697 sunt
1000 1652 1054 1697 ab
1077 1653 1189 1698 Guil.
1210 1655 1478 1699 Boettichero
1508 1655 1605 1699 Lex.
1627 1656 1727 1698 Tac.
1758 1670 1798 1710 p.
1817 1654 1914 1698 432.
1966 1655 2055 1709 Qui
2084 1658 2121 1698 si
2148 1654 2254 1698 illud
2281 1655 2428 1707 voluit,

340 1736 386 1772 ut
404 1732 627 1786 regionem,
657 1741 768 1785 quae
789 1725 907 1769 alteri
933 1728 1055 1784 quasi
1073 1740 1120 1769 se
1137 1728 1421 1780 insinuaverit,
1451 1728 1606 1770 iccirco
1626 1728 1760 1769 sinum
1781 1728 2056 1769 existimo-im
2075 1726 2290 1784 appelhri,
2312 1727 2429 1784 quod

341 1804 456 1843 sinus
493 1803 681 1842 maritimi
718 1802 899 1855 speciem
929 1798 1140 1855 praebeat,
1177 1800 1280 1853 1111111
1308 1808 1384 1851 est,
1422 1799 1542 1856 quod
1580 1815 1675 1842 eum
1705 1814 1941 1853 sequamur,
1976 1814 2064 1842 rem
2078 1800 2429 1856 .simplicem,per

341 1872 531 1930 ambages
569 1871 865 1930 expedientem.
923 1872 1034 1916 Nam
1072 1874 1161 1915 sive
1195 1873 1381 1928 riparum
1417 1870 1588 1915 brachia
1626 1872 1761 1926 sinum
1796 1870 1953 1914 faciumt
1990 1874 2078 1916 sive
2108 1875 2310 1916 montium
2339 1877 2428 1917 sive

253 1983 259 1987 .
340 1954 556 1995 terrarum,
588 1947 773 1986 omnium
802 1957 889 1985 una
920 1944 1152 1998 eademque
1182 1944 1297 1984 sinus
1327 1942 1494 2000 humani
1523 1949 1731 1999 togaeque
1761 1949 1825 1985 est
1852 1942 2091 1986 similitudo.
2142 1944 2277 2000 Quod
2305 1947 2428 2003 igitur

344 2017 519 2059 Curtius
547 2017 745 2071 paulatim
776 2030 823 2057 se
851 2015 991 2056 laxare
1020 2014 1121 2055 dicit
1148 2016 1265 2055 sinus
1293 2017 1509 2066 montium,
1539 2015 1642 2071 quid
1672 2016 1754 2056 hoc
1782 2019 1844 2056 rei
1872 2022 1949 2068 est',
1980 2019 2059 2057 nisi
2089 2017 2207 2073 quod
2226 2021 2427 2061 montium

344 2090 474 2132 flexus
505 2089 701 2144 paulatim
730 2088 911 2138 latiores,
941 2089 1210 2141 spatiosiores
1240 2086 1340 2129 sacti
1368 2092 1478 2138 sunt,
1506 2089 1650 2143 itaque
1679 2088 2053 2144 magismagisque
2073 2104 2097 2130 a
2117 2091 2223 2131 mari
2243 2105 2428 2133 recesse-

342 2168 446 2203 runt.
481 2183 532 2192 —
587 2157 773 2203 Accedat
809 2157 950 2202 latus
985 2158 1036 2203 C.
1060 2160 1099 2211 5,
1134 2160 1200 2211 13,
1233 2160 1278 2203 5:
1318 2161 1461 2203 Persis
1502 2158 1561 2203 ab
1599 2158 1738 2203 altero
1769 2158 1937 2204 latere
1962 2161 2182 2221 perpetras
2217 2164 2426 2206 montium

346 2236 452 2290 iugis
476 2230 701 2275 clauditur.
749 2232 788 2284 6,
808 2233 847 2284 6,
868 2233 940 2275 13:
970 2246 1002 2274 a
1022 2230 1142 2275 laevo
1164 2230 1378 2275 Thraciae
1401 2230 1535 2274 latere
1555 2230 1620 2274 ad
1640 2231 1968 2289 Borysthenem.
2017 2235 2073 2276 V.
2095 2234 2185 2277 Liv.
2202 2234 2270 2289 43,
2295 2238 2362 2288 18,
2376 2237 2426 2279 3:

346 2303 479 2346 solum
521 2305 720 2358 infestum
758 2320 850 2347 esse
881 2302 1170 2347 Macedoniae
1212 2303 1376 2352 latus',
1416 2303 1536 2363 φιοᾱ
1570 2303 1632 2347 αὖ,
1653 2303 1837 2364 Illyrico
1870 2316 2064 2364 pateretae
2092 2330 2146 2340 --
2207 2309 2428 2351 Praeterea

343 2376 564 2420 brachia
594 2393 658 2434 ap.
690 2376 741 2422 C.
764 2378 804 2430 6,
838 2380 906 2430 12,
942 2378 1008 2430 16,
1038 2392 1148 2434 quae
1177 2376 1310 2421 verba
1337 2376 1468 2420 modo
1498 2379 1676 2434 ascripta
1704 2385 1940 2434 sunta-qua
1969 2379 2240 2422 transhfione
2269 2383 2427 2424 etiamsi

341 2463 463 2494 nemo
500 2464 679 2508 unquam
717 2457 828 2496 esset
856 2465 973 2504 usus,
1008 2457 1091 2495 tam
1128 2450 1350 2495 manifesto
1387 2457 1527 2495 tamen
1562 2449 1729 2496 humani
1763 2450 1925 2496 brachii
1961 2459 2005 2496 et
2042 2455 2194 2497 montis
2232 2469 2282 2497 ex
2317 2458 2424 2498 serie

343 2523 516 2578 quadam
552 2530 678 2580 atque
714 2524 937 2580 complexu
964 2527 1170 2568 montium
1199 2527 1244 2568 in
1274 2523 1487 2581 planitiem
1516 2526 1801 2580 procurrentis
1831 2524 2058 2569 similitudo
2089 2525 2423 2583 deprehenditur,

344 2604 390 2634 ut
433 2599 503 2649 qui
544 2599 702 2652 primus
739 2611 832 2638 eam
869 2599 1146 2653 usurpaverit,
1184 2599 1385 2653 insignem
1422 2596 1632 2640 sollertiae
1668 2597 1837 2641 laudem
1871 2601 2019 2641 merito
2048 2599 2194 2642 tulisse
2221 2600 2423 2643 videatm.

345 2666 411 2708 Ad
447 2668 614 2711 eandem
651 2669 959 2715 similitudinem
996 2669 1281 2713 revocandum
1318 2677 1382 2713 est
1416 2669 1541 2713 Plinii
1578 2671 1807 2727 exemplum
1843 2672 1938 2714 Nat.
1974 2672 2065 2715 hist.
2107 2673 2145 2721 5,
2178 2672 2247 2721 27,
2278 2672 2333 2716 27
2371 2671 2426 2714 de

344 2745 484 2779 monte
515 2739 672 2782 Tauro:
701 2740 778 2784 ubi
804 2740 1031 2785 brachia
1054 2743 1226 2791 emittit,
1260 2739 1444 2786 subinde
1475 2745 1660 2786 tentanti
1686 2745 1831 2787 maria
1858 2743 2028 2793 similis,
2059 2739 2302 2802 Sarpedon,
2338 2747 2423 2788 Co·

345 2813 542 2859 racesius,
567 2814 723 2870 Cragus
746 2816 984 2874 iterumque
1011 2818 1177 2857 Taurus
1209 2815 1497 2872 (appellatur).
1530 2839 1583 2856 —
1627 2817 1846 2860 Postremo
1875 2819 1921 2860 in
1949 2817 2034 2859 hoc
2062 2828 2214 2871 genere
2243 2829 2423 2860 comme·

346 2884 543 2926 moi-anda
567 2892 663 2927 sunt
690 2901 745 2928 os
770 2894 813 2929 et
826 2887 1041 2942 fauces;
1076 2888 1160 2931 hoc
1189 2890 1431 2946 saepissime
1460 2890 1666 2945 reperitur
1694 2905 1825 2947 quum
1846 2888 1961 2946 apud
1983 2888 2089 2930 alios
2111 2895 2199 2931 tum
2222 2889 2335 2945 apud
2359 2890 2422 2942 C„

341 2955 459 2998 velut
490 2957 528 3006 3,
559 2959 598 3007 9,
628 2960 675 2999 2:
712 2957 841 3016 pylas
869 2957 1035 3001 incolae
1067 2959 1213 3004 dicunt
1240 2963 1483 3005 artissimas
1499 2961 1716 3016 fauce-5,-
1750 2965 1791 3015 5,
1827 2965 1893 3014 12,
1928 2961 2000 3008 17:
2043 2961 2217 3020 impune
2249 2961 2423 3007 Ciliciae

324 3028 524 3084 fauces
556 3030 813 3079 intrauerat,-
848 3032 887 3082 3,
912 3034 980 3083 20,
1013 3032 1085 3073 13:
1108 3033 1313 3086 fauces,
1347 3033 1504 3096 quibus
1536 3036 1670 3091 Syria
1699 3033 1868 3084 aditur,-
1905 3037 1943 3086 8,
1966 3036 2005 3087 8,
2032 3038 2107 3078 20:
2127 3034 2322 3092 fauces
2351 3051 2422 3080 re-

336 3103 495 3157 gionis,
534 3115 627 3160 qua
663 3104 710 3145 in
750 3105 1011 3146 artissimum
1048 3106 1225 3161 cogitur,
1269 3107 1419 3152 valido
1463 3108 1727 3151 munimento
1768 3097 1975 3169 sepseram
2013 3109 2054 3161 3,
2074 3110 2207 3162 213:
2242 3120 2423 3166 umque

343 3177 485 3227 (mari)
523 3176 572 3218 in
604 3183 728 3218 artas
758 3174 952 3229 fauces
986 3175 1262 3234 compellente
1298 3189 1473 3225 ten-am.
1546 3182 1633 3225 Res
1670 3184 1766 3226 satis
1803 3190 1957 3240 aperta.
2001 3184 2057 3225 V.
2085 3183 2175 3225 Liv.
2204 3180 2421 3231 21‚23‚2:
