2757 3701
362 450 495 494 quam
531 434 709 480 decebat
735 436 867 481 sima!
896 439 969 480 ira
999 428 1053 480 ac
1079 422 1229 480 dolore
1256 439 1582 483 stimulatus.
1645 441 1776 491 4,10,
1801 444 1877 483 18:
1916 441 2114 486 omnibus
2145 444 2445 487 stimulatis

361 523 468 568 opus
486 524 605 553 orsus
625 521 706 554 est.
755 509 891 568 Quod
911 507 1068 555 Cicero
1086 524 1177 555 non
1196 513 1362 567 sprevit.
1385 536 1439 546 —
1480 515 1651 556 Onera
1660 528 1713 556 re
1740 512 1792 558 C.
1815 514 1854 565 5,
1879 512 1946 565 14,
1970 516 2044 557 12:
2070 518 2294 572 promissis
2318 532 2446 560 one-

361 590 544 624 ratum.
590 582 688 627 Vid.
717 598 760 640 p.
775 581 873 630 434.
887 597 950 640 sq.
972 606 1027 616 —
1050 581 1139 627 Iam
1167 582 1364 629 succedat
1393 583 1578 639 alterum,
1607 584 1729 642 quod
1749 584 2059 643 descripsimuS,
2089 600 2240 643 genus:
2271 602 2321 633 ex
2351 602 2442 644 quo

361 652 464 694 baec
498 653 710 696 sufficient
747 654 942 712 exempla.
1007 656 1192 698 Emin'e
1200 670 1256 699 re
1295 655 1346 699 C.
1367 657 1406 707 6,
1435 658 1472 708 1,
1493 658 1539 698 3:
1584 658 1702 699 inter
1744 671 1894 699 omnes
1934 648 2299 700 Lacedaemonios
2345 673 2443 701 rex

359 724 640 788 eminebat.
707 728 771 787 10,
803 725 845 784 4,
874 731 952 772 22:
992 729 1206 789 Orsines
1247 753 1301 762 —
1340 727 1566 774 nobilitate
1603 745 1657 773 ac
1690 728 1850 774 divitiis
1886 731 2005 774 inter
2037 745 2188 774 omnes
2230 728 2442 774 barbaros

359 798 610 838 eminens.
653 823 706 832 —
762 799 1003 843 Haerere
1040 799 1092 844 C.
1123 801 1280 854 10,20‚
1303 801 1374 843 18:
1414 800 1676 844 haerebat
1713 800 1975 858 (Perdiccas)
2012 803 2129 844 inter
2162 800 2446 861 cupiditatem

355 867 663 929 pudoremque.
731 874 797 925 10,
814 873 888 935 J16,
912 875 986 914 ¹¹:
1024 888 1159 933 quum
1189 871 1266 915 diu
1300 888 1413 915 nunc
1444 875 1492 915 in
1521 875 1819 923 veneratione,
1860 890 1975 916 nunc
2007 875 2055 915 in
2085 872 2298 916 desiderio
2331 877 2445 932 regis

360 940 482 984 haes
492 943 673 986 issent.
736 943 891 1001 Cicero
929 952 1114 1003 utroque
1152 945 1364 1004 vocabulo
1403 945 1549 989 eadem
1577 948 1620 988 vi
1655 961 1757 988 usus
1795 953 1897 989 est„
1929 947 1987 989 At
2022 960 2126 989 vero
2163 948 2442 989 recentiorem

359 1028 481 1058 usum
516 1015 680 1059 redolet
713 1016 954 1077 caligare
980 1018 1031 1063 C.
1057 1021 1122 1073 10,
1147 1023 1216 1073 22,
1242 1018 1291 1064 4:
1333 1034 1492 1063 nomen
1534 1016 1870 1079 memoriamque
1909 1020 2021 1078 regis
2055 1020 2126 1062 sui
2158 1029 2329 1062 tantum
2367 1021 2442 1062 in-

359 1096 522 1141 tuentes
539 1086 615 1135 ,ad
640 1097 784 1133 cetera
812 1089 1043 1149 caligare
1070 1105 1171 1139 eos.

559 1158 597 1214 §.
614 1159 654 1201 9.
711 1152 800 1201 Sed
815 1159 883 1201 his
903 1165 1078 1213 omissis,
1108 1164 1229 1216 quod
1246 1166 1364 1207 initio
1384 1167 1602 1221 proposui,
1622 1178 1943 1221 persequamm3
1963 1164 2080 1206 ducit
2099 1167 2209 1206 enim
2228 1164 2337 1205 ordo
2358 1163 2442 1205 dis-

359 1232 588 1288 putationis
612 1244 692 1274 nos
718 1244 785 1283 eo,
814 1237 863 1274 ut
887 1230 942 1275 de
970 1233 1022 1275 iis
1042 1232 1262 1277 vocabulis
1285 1234 1523 1287 disseratur,
1553 1251 1663 1290 quae
1692 1251 1822 1292 quum
1850 1238 2024 1293 proprie
2053 1242 2267 1291 ponantur
2296 1234 2351 1277 de
2380 1248 2446 1277 re-

359 1303 442 1348 bus
475 1304 689 1347 hominum
717 1316 856 1355 manu,
893 1316 1036 1359 opera,
1077 1304 1257 1348 consilio
1287 1305 1418 1358 factis,
1454 1308 1499 1349 in
1527 1306 1715 1350 homines
1744 1309 1862 1362 ipsos
1889 1305 2101 1352 bestiasve
2129 1306 2445 1350 transferuntur.

361 1373 496 1420 Cuius
531 1377 692 1434 generis
729 1390 838 1434 quac
877 1373 990 1433 apud
1021 1373 1215 1421 Curtium
1242 1379 1510 1435 reperiuntur
1539 1378 1726 1435 exempla
1749 1381 1968 1431 rarissima,
1997 1393 2084 1422 non
2105 1381 2219 1420 omni
2243 1377 2444 1433 ambigui·

357 1456 442 1491 tate
479 1456 648 1491 carent·
689 1450 964 1506 Appotnamus
993 1448 1140 1491 saltem
1168 1463 1229 1501 ea,
1266 1463 1376 1505 quae
1407 1452 1635 1491 certissima
1664 1464 1757 1491 esse
1786 1450 1991 1492 videntur.
2041 1450 2175 1491 Velut
2201 1449 2443 1491 columen

361 1519 413 1564 C.
439 1523 479 1573 9,
501 1520 571 1572 24,
593 1524 641 1564 8:
682 1522 780 1579 quis
814 1519 993 1563 deorum
1016 1519 1114 1563 boc
1151 1519 1501 1564 Macedoniae
1538 1519 1777 1563 columen
1811 1538 1865 1564 ac
1904 1520 2022 1564 sidus
2057 1519 2306 1563 diuturnum
2330 1522 2441 1575 fine

356 1590 556 1652 polliceri
573 1586 738 1651 'pote-st.
798 1591 962 1657 Etenim
989 1590 1066 1632 ubi
1092 1590 1330 1633 columen
1359 1592 1604 1632 translatum
1632 1593 1805 1647 ponitur
1834 1591 1889 1633 de
1916 1605 1965 1633 re
1994 1605 2056 1644 ea,
2092 1606 2177 1648 qua
2206 1592 2286 1634 alia
2314 1606 2443 1649 quae-

360 1668 471 1721 piam
499 1667 655 1715 nititur,
688 1677 775 1705 non
805 1675 830 1705 a
858 1670 1007 1704 natura
1023 1670 1316 1720 procreatum,
1354 1663 1429 1705 sed
1459 1678 1584 1705 manu
1612 1665 1765 1706 factum
1795 1664 1960 1706 videtur
1987 1664 2169 1720 intelligi.
2228 1665 2346 1707 Idem
2376 1679 2442 1707 re-

361 1739 522 1792 peritur
550 1734 665 1792 apud
694 1733 959 1786 Ciceronem,
994 1734 1111 1777 velut
1139 1749 1220 1791 pro
1250 1735 1356 1777 Sest.
1379 1737 1418 1787 8,
1447 1736 1517 1777 19:
1559 1751 1691 1777 unum
1725 1735 1916 1794 aliquem
1944 1747 1985 1779 te
2015 1752 2077 1779 ex
2109 1735 2307 1779 barbatis
2338 1736 2438 1785 illis,

361 1806 607 1869 exemplum
631 1806 804 1868 imperii
816 1797 1001 1872 metetis,
1037 1807 1270 1866 imaginem
1300 1806 1587 1868 antiquitatiS,
1620 1804 1861 1851 columen
1891 1806 2246 1869 reipublicae,
2279 1806 2441 1851 diceres

363 1884 536 1924 itcuaeri.
567 1906 621 1914 —
653 1882 874 1942 Praeterea
902 1879 1081 1921 fortasse
1110 1878 1260 1921 eodem
1281 1893 1457 1922 numero
1475 1880 1713 1923 habendum
1733 1887 1796 1924 est
1815 1880 1954 1924 libra
1965 1896 2017 1923 re
2042 1881 2093 1925 C.
2113 1883 2152 1934 9,
2173 1882 2238 1934 19,
2253 1883 2301 1923 3:
2315 1881 2444 1937 sorte

362 1957 426 1996 ita
450 1954 522 1995 lib
532 1970 651 1995 rave
660 1963 745 1996 rat
767 1966 823 2003 co
832 1967 975 2008 rpus,
1011 1961 1058 1991 ut
1080 1966 1126 1991 se
1144 1949 1331 2008 pedibus
1355 1953 1590 2009 exemeret.
1638 1952 1747 1993 Nam
1769 1955 1814 1992 in
1830 1954 1916 1993 hoc
1932 1953 2117 1995 librandi
2131 1954 2265 1995 verbo
2294 1957 2446 1995 veteri-

362 2024 445 2068 bus
462 2022 575 2066 haud
593 2024 682 2065 scio
703 2035 755 2063 an
774 2022 990 2075 proprium
1010 2022 1144 2062 visum
1163 2020 1288 2062 fuerit
1302 2020 1419 2071 illud,
1437 2027 1485 2062 ut
1498 2021 1552 2062 de
1564 2020 1684 2071 libra,
1703 2025 1868 2073 trutina,
1887 2023 2081 2078 lancibus
2098 2024 2317 2068 diceretur.
2348 2024 2446 2067 vid.

362 2095 564 2155 pag-844.
577 2110 619 2137 a.
650 2100 692 2136 et
710 2087 836 2135 Ovid.
864 2093 973 2133 Fast.
1005 2094 1041 2143 1,
1065 2091 1168 2133 429:
1198 2101 1242 2133 et
1270 2090 1570 2149 iamfinitima
1593 2106 1779 2149 corpus
1803 2092 2049 2136 librabat
2077 2100 2125 2137 in
2156 2097 2311 2138 herba.
2358 2098 2447 2137 Art.

364 2171 454 2213 Am.
480 2172 519 2221 2,
544 2167 611 2214 67.
637 2167 714 2209 68:
745 2160 845 2209 inde
875 2161 962 2207 sibi
978 2162 1130 2219 factas
1153 2161 1339 2205 humeris
1360 2161 1658 2207 accommodat
1677 2162 1788 2214 alas,
1825 2165 1956 2224 inque
1979 2180 2135 2209 novum
2157 2164 2308 2208 timide
2330 2182 2448 2208 cor-

361 2257 494 2302 pora
521 2238 692 2283 librat
719 2238 818 2279 iteri
864 2236 981 2292 Virg.
1011 2235 1115 2277 Aen.
1136 2233 1177 2287 4,
1207 2235 1309 2278 196:
1339 2233 1405 2277 liis
1434 2249 1550 2277 sese
1573 2250 1659 2294 per
1688 2237 1842 2278 inania
1870 2235 2023 2278 nubila
2057 2236 2277 2279 librant.
2339 2238 2444 2281 Plin.

365 2316 420 2356 N.
433 2316 486 2356 H.
507 2316 573 2364 10,
592 2314 633 2363 3,
649 2313 697 2353 3:
727 2319 916 2366 superest
938 2307 1188 2357 haliaeetos,
1211 2307 1450 2349 clarissima
1469 2307 1685 2349 oculorum
1709 2310 1817 2357 acie,
1853 2308 1925 2350 lib
1936 2324 2059 2350 rans
2080 2325 2149 2350 ex
2177 2309 2289 2351 alto
2311 2327 2442 2353 sese.

566 2386 603 2441 §.
625 2387 689 2426 10.
748 2383 905 2433 Restat,
943 2387 990 2423 ut
1019 2379 1073 2423 de
1102 2382 1224 2423 tertia
1252 2370 1375 2423 huius
1405 2382 1565 2437 generis
1584 2388 1703 2436 parte
1724 2389 1967 2437 exponatur,
1997 2397 2108 2437 quae
2127 2383 2445 2438 comprehendit

367 2457 578 2504 vocabula
615 2472 677 2511 ea,
717 2448 824 2513 quae
863 2468 990 2511 quum
1027 2454 1200 2511 propria
1237 2455 1319 2497 sint
1355 2469 1495 2497 earum
1528 2467 1678 2507 rerum,
1727 2468 1836 2510 quae
1875 2452 2097 2512 cogitando
2134 2453 2364 2499 formantur
2403 2463 2446 2499 et

369 2527 787 2590 comprehenduntur,
815 2528 861 2571 in
888 2526 1076 2568 homines
1105 2525 1345 2585 bestiasque
1374 2526 1685 2569 transferuntur.
1731 2525 1819 2568 Sed
1849 2526 1963 2585 apud
1986 2526 2179 2571 Curtium
2207 2527 2323 2570 nulla
2345 2530 2445 2571 satis

369 2613 483 2650 certa
510 2603 621 2648 illius
649 2616 751 2645 usus
781 2591 1127 2657 deprehendimus
1157 2601 1362 2659 exempla;
1391 2615 1484 2643 nam
1515 2613 1623 2656 quae
1653 2601 1696 2641 in
1726 2614 1821 2642 eum
1852 2615 2021 2643 censum
2051 2602 2193 2643 venire
2223 2615 2353 2657 posse
2383 2605 2446 2643 vi-

369 2678 557 2732 deantur,
584 2663 724 2719 ver-ius
752 2670 818 2724 abi
836 2675 950 2718 omni
978 2675 1311 2731 metaphorarum
1339 2676 1381 2716 vi
1410 2680 1451 2715 et
1479 2687 1561 2714 usu
1591 2671 1868 2715 abiudicanda
1896 2680 2004 2715 sunt.

569 2817 770 2860 Ultimum
806 2816 1162 2860 commentationis
1199 2821 1368 2858 nostrae
1404 2818 1538 2869 caput,
1575 2810 1869 2867 amplissimum
1902 2810 2010 2854 illud
2048 2820 2090 2855 et
2124 2814 2277 2870 insigni
2309 2827 2450 2856 rerum

370 2893 567 2933 varietate
594 2887 962 2945 refertum,}-quod,
990 2901 1044 2929 ne
1073 2886 1224 2929 modus
1253 2888 1402 2929 horum
1428 2884 1667 2926 libellorum
1696 2886 1867 2926 nimium
1896 2884 2179 2937 excederetur,
2209 2888 2254 2928 in
2283 2887 2358 2929 has
2388 2895 2450 2929 ta-

370 2964 492 3007 bulas
521 2965 602 3005 iam
629 2975 719 3003 non
747 2965 888 3016 potuit
914 2964 1054 3017 recipi,
1083 2960 1331 3016 propediem
1354 2960 1465 3014 typis
1491 2956 1813 2999 describendum
1839 2957 2088 3010 curabimus,
2118 2966 2166 3001 ut
2191 2961 2228 3000 si
2248 2962 2324 3014 qui
2341 2961 2448 3003 forte

372 3044 528 3081 attento
552 3036 688 3078 animo
720 3041 762 3076 et
788 3033 972 3091 benigno
1004 3035 1260 3092 disputantes
1288 3046 1367 3076 nos
1396 3029 1533 3074 adhuc
1561 3033 1813 3087 prosequuti
1842 3037 1952 3083 sunt,
1980 3030 2045 3075 his
2076 3030 2131 3074 ad
2161 3046 2223 3084 ea,
2255 3048 2363 3088 quae
2381 3047 2444 3074 re-

371 3109 487 3167 liqua
514 3113 622 3162 sunt,
651 3112 791 3164 pateat
816 3096 966 3150 aditus.

402 3195 419 3207 ''
1170 3194 1644 3221 m-
