2757 3701
1358 250 1426 298 32

349 430 469 487 quod
497 442 586 485 pag.
603 426 689 469 432
706 425 1004 468 illustravimus
1025 423 1233 468 simillimo
1264 427 1458 483 exemplo
1482 440 1532 471 ex
1547 426 1671 471 Plinii
1690 423 1869 470 naturali
1889 424 2061 468 historia
2088 425 2355 487 deprompto.
2374 450 2426 462 —

349 504 567 546 Geminum
604 505 679 551 est,
718 498 838 555 quod
874 506 1092 554 poetarum
1122 511 1204 539 usu
1232 497 1489 541 firmavimus
1519 515 1611 557 pag.
1627 501 1727 552 868,
1763 497 2036 542 subsidere
2072 498 2189 553 apud
2217 499 2268 544 C.
2290 504 2330 553 9,
2358 502 2430 551 36,

350 574 419 617 19:
458 569 656 632 dispersa
693 569 843 616 classis
875 573 1040 631 partim
1078 572 1125 614 in
1152 569 1358 629 praealta
1387 586 1508 631 aqua
1539 571 1701 623 stabat,
1736 586 1824 631 qua
1852 567 2426 623 subsederantrvalles.

345 644 431 690 Sed
460 644 574 688 idem
604 660 733 702 quum
763 645 1021 701 reliquorum
1049 642 1094 686 id
1122 657 1254 700 genus
1283 643 1515 689 verborum
1543 643 1806 689 similitudine
1829 642 1883 686 ab
1908 645 2023 687 omni
2042 642 2239 687 audaciae
2260 647 2430 690 uimine

344 718 591 770 vindicatur,
629 725 716 759 tum
746 719 843 759 satis
876 716 1035 757 idoneo
1065 716 1189 757 Plinii
1226 717 1418 773 exemplo
1458 717 1697 761 defenditur
1723 718 1750 758 l.
1766 731 1800 758 c.
1817 717 1856 767 5,
1878 718 1947 768 29,
1967 718 2046 758 31:
2089 731 2235 759 mons
2265 717 2427 759 Mimas

351 793 452 834 CCL
481 789 573 833 mil.
595 804 800 848 passuum
827 803 1061 832 excurrens
1087 799 1218 849 atque
1246 791 1293 832 in
1307 789 1627 835 continentibus
1654 790 1815 849 campis
1845 786 2099 832 residens.

543 861 630 905 Sed
665 868 833 919 praeter
867 861 972 904 haec
999 860 1131 904 verba
1160 868 1319 905 motum
1349 861 1624 920 significantia
1651 870 1748 908 sunt
1776 860 1982 920 quaedam
2011 860 2103 914 alia,
2145 876 2255 918 quae
2284 862 2430 908 eadem

346 938 503 978 ratione
533 950 557 976 a
588 933 739 977 Curtio
770 941 1038 991 usurpantur,
1078 949 1186 990 quae
1217 934 1390 991 quidem
1420 935 1502 977 alia
1531 936 1651 979 aliam
1681 937 1885 979 actionem
1915 934 2127 977 denotant.
2185 933 2252 975 Ex
2280 934 2430 991 insigni

343 1007 566 1050 verborum
596 1009 721 1064 copia
750 1022 887 1063 pauca
914 1007 1000 1049 hoc
1027 1007 1126 1050 loco
1159 1022 1424 1051 enumerasse
1453 1011 1553 1051 satis
1582 1011 1661 1051 erit
1686 1009 1804 1050 haec.
1862 1008 2083 1050 Imitari
2109 1020 2175 1063 ap.
2198 1004 2248 1048 C.
2265 1006 2306 1058 3,
2327 1007 2367 1058 9,
2389 1009 2428 1048 2:

345 1082 623 1130 munimenta,
656 1095 768 1141 quae
798 1095 931 1123 manu
956 1082 1174 1141 ponimus,
1203 1079 1397 1124 naturali
1420 1082 1529 1125 situ
1554 1081 1817 1131 imitante,
1852 1079 1970 1138 quod
1997 1085 2173 1136 propter
2202 1079 2430 1122 sententiae

344 1156 547 1196 rationem
574 1155 718 1208 potius
746 1153 1067 1208 vituperandum
1097 1161 1172 1205 est,
1209 1169 1334 1209 quam
1362 1161 1539 1210 propter
1567 1169 1691 1196 usum
1719 1153 1857 1202 verbi:
1894 1165 1991 1194 nam
2020 1150 2132 1193 idem
2162 1157 2274 1193 certe
2304 1164 2430 1207 saepe

348 1225 403 1268 ad
431 1240 499 1269 res
527 1226 705 1268 refertur
735 1225 905 1268 aliarum
935 1225 1242 1269 similitudinem
1270 1226 1490 1275 habentem
1528 1225 1645 1268 velut
1675 1224 1765 1269 Cic.
1796 1224 1850 1268 de
1880 1224 2002 1267 divin.
2025 1227 2065 1276 2,
2087 1225 2155 1276 21,
2177 1223 2253 1267 49:
2287 1232 2429 1283 potest

344 1300 491 1356 igitur,
527 1297 647 1359 quod
676 1297 802 1341 modo
835 1298 1043 1358 negabas,
1075 1300 1307 1341 veritatem
1338 1313 1490 1341 casus
1520 1300 1739 1341 imitari.
1801 1297 1865 1339 lb.
1897 1301 1936 1349 2,
1959 1297 2027 1350 27,
2050 1297 2124 1340 58:
2154 1296 2340 1340 humor
2365 1295 2430 1339 al—

344 1369 489 1426 lapsus
519 1374 801 1419 est-trinsecus,
831 1381 878 1413 ut
907 1373 955 1412 in
988 1374 1174 1413 tectoriis
1204 1370 1404 1411 videmus
1432 1378 1595 1416 austm,
1623 1366 1822 1410 sudorem
1847 1367 2028 1412 videtur
2046 1371 2273 1411 imitari.
2323 1368 2427 1409 Plin.

340 1439 391 1481 N.
411 1439 463 1480 H.
491 1441 556 1490 12,
582 1441 647 1489 12,
680 1440 756 1481 26:
787 1437 962 1481 radice
993 1437 1173 1496 obliqua
1203 1437 1448 1497 villosaque
1475 1447 1520 1480 et
1548 1439 1792 1481 imitante
1820 1441 1965 1482 avium
1987 1436 2138 1498 pedes.
2201 1437 2263 1481 lb.
2294 1437 2364 1490 37,
2388 1439 2426 1490 5,

344 1513 413 1557 17:
451 1508 528 1553 dos
565 1508 917 1566 (smaragdorum)
955 1519 1019 1551 est
1055 1525 1134 1552 nec
1170 1512 1217 1552 in
1254 1509 1368 1553 colo
1380 1525 1433 1553 re
1474 1508 1637 1569 liquido
1673 1526 1752 1553 nec
1785 1509 1936 1560 diluto,
1976 1526 2132 1554 verum
2160 1526 2223 1554 ea·
2251 1509 2425 1554 humido

333 1584 502 1641 pingui,
534 1597 705 1640 quaque
727 1582 1030 1640 perspiciatur,
1064 1582 1308 1624 imitante
1336 1581 1646 1625 translucidum
1674 1597 1811 1625 mare.
1832 1606 1886 1616 —
1903 1582 2070 1626 Deinde
2099 1582 2231 1626 verba
2245 1581 2427 1634 videndi,

339 1662 386 1697 ut
417 1663 659 1713 spectare
693 1651 742 1696 C.
761 1653 800 1706 7,
823 1652 891 1706 40,
917 1654 988 1696 15:
1026 1650 1110 1695 duo
1147 1652 1344 1711 (oppida)
1373 1651 1437 1696 ad
1461 1651 1684 1696 meridiem
1714 1669 1862 1704 versa,
1895 1664 2101 1714 quattuor
2123 1655 2427 1713 spectantia

337 1730 562 1769 orientem.
627 1725 666 1778 4,
696 1728 765 1778 21,
799 1728 844 1768 1:
881 1724 983 1767 inde
1022 1728 1230 1768 orientem
1267 1725 1635 1784 spectantibus
1669 1727 1830 1767 terris
1862 1735 2109 1767 contentum
2138 1742 2184 1768 se
2201 1726 2320 1781 sore.
2386 1730 2425 1780 8,

289 1785 290 1788 ¹
341 1801 410 1851 30,
440 1803 485 1840 2:
525 1797 685 1840 India
717 1808 808 1841 tota
821 1799 973 1854 ferme
1004 1807 1210 1858 spectat
1238 1799 1464 1840 orientem.
1528 1798 1568 1849 7,
1590 1799 1658 1850 29,
1681 1796 1726 1839 ll:
1769 1811 1913 1839 rursus
1949 1812 2062 1856 quae
2091 1807 2135 1839 et
2167 1801 2354 1842 Tanaim
2382 1809 2426 1841 et

338 1874 497 1913 Bactra
525 1880 786 1929 spectant,
828 1869 1016 1912 humano
1046 1868 1160 1911 cultu
1198 1867 1319 1910 haud
1351 1867 1546 1926 disparia
1581 1878 1703 1916 sunt,
1744 1867 1819 1909 ubi
1858 1867 2052 1928 disparia
2087 1872 2132 1912 in
2171 1868 2425 1930 digniora
2456 1881 2464 1887 ”

337 1943 579 1985 mutandum
619 1957 711 1984 esse
749 1944 1015 1982 coniecimus.
1065 1940 1167 1981 Vid.
1195 1941 1286 1981 Liv.
1305 1942 1374 1991 21,
1396 1940 1464 1991 37,
1488 1941 1525 1982 5.
1584 1941 1637 1981 Et
1660 1950 2013 1999 prospectare
2043 1942 2095 1984 C.
2111 1945 2150 1994 6,
2178 1946 2243 1995 12,
2270 1944 2340 1990 17:
2381 1955 2424 1986 et

342 2014 455 2066 illos,
492 2030 581 2074 qua
611 2015 755 2072 vergit
787 2010 851 2057 ad
876 2012 1222 2072 septentrionem,
1264 2010 1342 2055 lzos
1369 2010 1433 2055 ad
1457 2026 1655 2055 occasum
1686 2027 1891 2057 conversa
1912 2024 2235 2073 prospectat.
2300 2014 2424 2072 Quo-

340 2102 432 2129 rum
468 2086 573 2129 illud
611 2100 739 2142 quum
777 2084 888 2141 apud
926 2085 1106 2139 optimos
1143 2085 1371 2141 scriptores
1401 2098 1528 2142 saepe
1562 2084 1736 2142 legatur,
1773 2085 1889 2127 nulla
1918 2085 2162 2130 defensione
2193 2095 2303 2147 egen
2340 2089 2424 2132 hoc

338 2160 468 2209 Plinii,
509 2160 652 2208 Taciti,
694 2157 869 2199 aliorum
905 2156 1017 2198 illius
1062 2158 1206 2198 aetatis
1250 2164 1313 2199 est
1347 2159 1566 2212 proprium
1606 2160 1664 2210 (v.
1698 2159 1938 2201 Boetticher
1973 2160 2072 2202 Lex.
2102 2162 2200 2203 Tac.
2237 2178 2278 2219 p.
2290 2164 2422 2218 391.)‚

337 2231 411 2275 sed
451 2232 743 2287 apertissimam
785 2230 1004 2286 potestatis
1048 2230 1453 2285 compositionisque
1490 2230 1694 2273 rationem
1733 2229 1870 2274 habet.
1939 2231 2033 2276 Sub
2070 2232 2180 2277 idem
2223 2234 2423 2281 iudicium

338 2303 446 2346 cadit
480 2305 719 2361 accipere
758 2301 809 2346 C.
826 2305 865 2355 8,
886 2302 1025 2354 30,3:
1066 2316 1178 2361 quae
1216 2311 1411 2344 austrum
1447 2303 1741 2361 accipiunt,
1783 2305 1829 2346 in
1865 2303 1993 2347 altius
2023 2314 2165 2348 terrae
2187 2307 2422 2366 fastigium

334 2375 559 2426 excedunt,
601 2376 718 2432 quod
757 2375 807 2419 C.
838 2376 962 2418 Plinii
993 2373 1167 2417 Caecilii
1196 2374 1384 2417 Secundi
1423 2389 1506 2417 usu
1546 2375 1766 2419 illustravit
1804 2378 1885 2419 iam
1920 2377 2146 2420 Acidalius.
2195 2378 2294 2421 vid.
2332 2382 2421 2423 eius

333 2450 462 2505 Epist.
490 2453 528 2500 2,
554 2450 625 2496 17:
665 2450 1047 2505 (cryptoporticus)
1077 2445 1330 2505 patentibus
1349 2447 1563 2502 fenestris
1591 2448 1798 2503 favonios
1833 2451 1978 2508 accip
1989 2453 2031 2493 it
2066 2454 2415 2510 transmittitque.

334 2519 437 2563 lbid.
467 2522 505 2573 5,
533 2522 577 2564 6:
620 2521 823 2581 accipit
862 2520 999 2575 (villa)
1035 2518 1093 2563 ab
1134 2518 1214 2562 hoc
1251 2521 1519 2576 (Apennino)
1553 2536 1683 2564 auras
1722 2520 1962 2581 quamlibet
1991 2537 2142 2567 sereno
2172 2533 2215 2567 et
2240 2522 2417 2583 placido

333 2592 417 2634 die.
435 2594 698 2637 —Ultimum
729 2592 1147 2652 commemorabimus
1178 2591 1425 2635 resudare
1448 2591 1498 2635 C.
1522 2594 1560 2645 5,
1582 2597 1619 2645 2,
1645 2596 1718 2635 12:
1750 2604 1838 2638 toto
1852 2595 1957 2650 sere
1984 2595 2096 2639 solo
2124 2607 2308 2655 propter
2332 2613 2417 2640 ve-

336 2680 413 2705 nas
448 2681 654 2723 aquarum
689 2664 992 2709 resudante.
1058 2665 1097 2716 7,
1126 2667 1195 2717 39,
1224 2667 1272 2708 3:
1311 2681 1444 2725 quum
1482 2666 1619 2724 ipsum
1648 2664 1838 2717 solum,
1876 2666 1954 2711 sub
1986 2684 2071 2728 quo
2101 2678 2246 2711 tantus
2274 2670 2416 2711 amnis

317 2737 445 2789 fluit,
477 2752 530 2778 ne
561 2737 722 2781 modico
751 2736 926 2799 quidem
952 2736 1164 2781 resudet
1187 2736 1380 2781 humore.
1446 2736 1702 2795 Comparare
1716 2738 1814 2783 licet
1831 2740 1997 2784 Lucret.
2017 2742 2056 2793 6,
2079 2739 2164 2785 942
2186 2754 2260 2797 sq.:
2285 2742 2416 2801 prm-

333 2810 443 2865 cipio
471 2808 550 2867 fit,
596 2821 640 2851 ut
678 2814 722 2853 in
766 2811 977 2872 speluncis
1014 2827 1153 2854 saa-a
1190 2826 1382 2872 superna
1421 2809 1607 2853 sudent
1644 2812 1853 2856 humore
1893 2825 1937 2856 et
1968 2815 2101 2873 guttis
2144 2808 2416 2857 manantibu¹

332 2880 506 2924 stillent.
554 2883 696 2940 virgil.
726 2884 882 2940 Georg.
909 2886 943 2934 1,
969 2885 1068 2931 117:
1100 2883 1212 2928 unde
1242 2901 1375 2929 cavae
1405 2883 1548 2943 tepido
1582 2884 1772 2929 sudant
1802 2886 1980 2930 humore
2010 2885 2246 2929 lacunae.
2309 2887 2414 2930 Plin.

331 2952 429 2995 Nat.
459 2953 509 2994 H.
540 2955 609 3006 35,
642 2956 705 3008 15,
736 2957 811 2999 52:
836 2954 902 3014 fit
941 2964 1083 2998 autem
1119 2972 1245 3000 omne
1284 2957 1492 3013 (alumen)
1528 2973 1588 3000 ea·
1620 2974 1739 3019 aqua
1773 2957 1974 3018 limoque,
2013 2956 2092 3002 hoc
2122 2969 2200 3010 est,
2234 2970 2412 3004 terrae

327 3025 645 3070 exsudantis
677 3038 850 3071 natura.

530 3098 569 3156 §.
585 3099 626 3142 3.
685 3100 942 3143 Accedamus
978 3103 1059 3144 iam
1096 3101 1149 3144 ad
1177 3104 1383 3148 vocabula
1421 3119 1482 3158 ea,
1518 3119 1627 3161 quae
1666 3104 1720 3148 ab
1756 3105 1991 3150 hominihus
2021 3106 2252 3164 bestiisque
2280 3114 2413 3151 trans-

327 3171 407 3214 lata
436 3178 536 3215 sunt
563 3174 609 3214 in
638 3184 707 3214 res
740 3184 822 3223 eas,
854 3184 962 3226 quae
992 3179 1138 3215 natura
1165 3173 1310 3228 fluunt,
1341 3190 1567 3235 earumque
1591 3178 1634 3222 in
1655 3177 1759 3222 orbe
1783 3184 1985 3223 terrarum
2006 3179 2161 3223 formas
2185 3192 2235 3222 ac
2259 3181 2410 3233 partes,
