2757 3701
1357 239 1415 286 11

335 426 443 473 sunt,
479 420 750 464 nt=videntur
779 431 889 471 esse,
918 420 1000 461 iam
1029 420 1075 461 in
1109 430 1159 460 re
1188 415 1361 460 definita
1389 422 1433 459 et
1461 418 1686 460 constituta
1713 419 1873 460 versari
1900 418 2026 462 nobis
2055 417 2258 463 videmur.
2320 419 2428 463 Nam

334 499 535 550 quattuor
560 494 656 537 illae
683 492 816 537 verba
842 490 1121 536 transferendi
1148 490 1319 543 formae,
1350 503 1455 546 quas
1485 497 1527 534 et
1555 490 1671 547 apud
1689 491 1889 533 Verrium
1913 492 2206 548 explicavimus
2238 500 2282 536 et
2312 492 2428 549 apud

334 561 671 624 Quinctilianum,
710 566 857 613 eadem
893 568 976 609 iam
1000 562 1124 621 >apud
1151 562 1403 608 Diomedem
1431 566 1518 609 sive
1546 561 1754 609 Scaurum
1784 572 2038 620 comparent.
2097 566 2173 610 Ob
2202 581 2294 611 eam
2324 580 2427 610 cau-

332 634 419 684 sam
454 642 547 685 iure
582 647 731 685 nostro
768 640 894 685 nobis
922 637 1116 683 videmur
1154 644 1251 681 ante
1286 636 1447 692 dixisse,
1487 637 1736 691 Char-isium,
1778 644 1928 695 utpote
1967 636 2082 695 apud
2120 652 2245 694 quem
2273 639 2428 698 triplex

330 720 490 758 tantum
506 713 685 770 *legatur
721 715 902 770 partitio,
939 714 1075 757 minus
1115 711 1336 770 diligenter
1370 713 1414 755 in
1451 710 1719 769 exprimendo
1758 717 1933 755 auctore
1971 725 2052 755 suo
2089 718 2298 755 versatum
2335 726 2428 756 esse

335 799 459 839 quam
488 784 756 830 Diomedem·

528 859 685 903 Ultimo
714 859 816 903 loco
836 857 1251 904 commemorabimus
1272 857 1480 903 Curium
1499 860 1931 903 Fortunatianum
1951 857 1990 903 C
2011 857 2294 911 onsultum,
2325 860 2429 900 scri-

330 939 515 988 ptorem·
537 934 635 976 artis
679 932 912 986 rhetoricae
957 931 1178 986 scholicae,
1225 947 1335 990 quae
1378 939 1508 976 exstat
1551 931 1666 990 apud
1709 931 1931 975 Pithoeum
1975 931 2148 975 Rhetor.
2193 932 2291 974 Ant.
2336 931 2426 973 Lat.

330 1003 423 1061 Qui·
456 1019 589 1061 quum·
623 1020 664 1062 p.
676 1005 732 1052 70
769 1006 877 1057 inter
912 1004 1055 1049 verba
1090 1004 1207 1049 bona
1236 1011 1289 1055 et
1324 1003 1573 1066 appetenda
1608 1006 1888 1047 recensuisset
1924 1003 2168 1064 splendida,
2220 1005 2423 1064 antiqua,

323 1078 523 1136 propria,
567 1076 856 1130 translata,
874 1108 878 1112 -
898 1092 998 1121 mox
1034 1079 1214 1136 pag.72:
1254 1076 1538 1120 translatione
1580 1075 1829 1129 verborum,
1866 1079 2012 1133 inquit,
2046 1087 2153 1136 quot
2188 1091 2251 1119 ex
2284 1078 2426 1118 causis

328 1148 517 1194 utr'mtw?
560 1150 786 1206 Quattuor.
851 1149 1044 1206 Quibus?
1103 1150 1476 1199 Neon-sitatis,
1518 1147 1754 1199 decoris,
1803 1147 2112 1197 brevitatis,
2157 1150 2427 1192 intentio-

327 1223 450 1275 ηίὲς.Α
493 1221 688 1264 Βοοοτίε»
708 1222 946 1265 notionem
962 1226 1137 1278 anguste
1175 1220 1352 1263 definire
1388 1222 1474 1263 hoc
1508 1221 1621 1272 loco,
1658 1221 1867 1263 lubricum
1903 1228 1980 1263 est.
2039 1222 2261 1263 Brevitatis
2301 1235 2427 1263 causa

327 1294 423 1344 fieri
465 1293 756 1337 translationes
779 1306 1108 1350 menumquam,
1154 1308 1244 1336 non
1290 1295 1430 1335 omisit
1467 1300 1617 1336 auctor
1653 1293 1708 1335 ad
1736 1295 1918 1336 Herenn.
1952 1293 1991 1345 4,
2008 1291 2079 1345 34,
2099 1292 2168 1336 45.
2184 1345 2197 1352 “
2227 1294 2321 1337 Nec
2358 1294 2427 1336 illa

326 1367 520 1420 inaentio,
552 1382 683 1424 quam
720 1366 869 1411 adiecit
897 1360 1233 1418 Permittamus,
1273 1365 1409 1409 aliena
1437 1365 1605 1410 videtur
1642 1380 1735 1411 esse
1765 1366 1820 1410 ab
1851 1380 1918 1420 eo,
1958 1365 2078 1424 quod
2107 1365 2218 1410 idem
2248 1365 2319 1410 ille
2350 1380 2422 1411 aur

326 1438 449 1493 gendi
471 1453 606 1481 causa
642 1440 737 1481 fieri
773 1439 1081 1482 demonstravit.
1139 1437 1249 1479 Illud
1285 1451 1388 1479 vero
1427 1445 1616 1492 apertum
1652 1446 1719 1479 est
1756 1446 1801 1479 et
1833 1442 2116 1493 perspicuum,
2156 1453 2296 1492 neque
2333 1439 2424 1493 ple-

324 1512 486 1552 niorem
514 1511 693 1563 reliquis
716 1525 812 1552 esse
837 1512 1128 1554 Fortunatiani
1156 1509 1481 1563 descriptionem
1509 1523 1590 1550 nec
1619 1511 1718 1550 satis
1749 1516 1935 1563 argutam
1964 1516 2006 1551 et
2037 1507 2243 1552 subtilem.
2272 1550 2278 1555 .

396 1610 400 1614 .
482 1576 497 1618 s
528 1579 711 1623 Omnem
747 1581 872 1637 igitur
907 1580 1133 1622 latinorum
1169 1580 1527 1635 grammaticorum
1559 1578 1613 1620 de
1649 1578 1920 1621 translatione
1949 1577 2183 1622 doctrinam
2212 1583 2247 1623 si
2277 1584 2422 1637 paucis

328 1651 730 1708 comprehendimus,
744 1692 749 1702 ,
767 1654 813 1695 iu
850 1665 903 1694 eo
943 1653 1210 1697 consentiunt
1240 1649 1293 1693 ad
1323 1664 1454 1693 unum
1484 1665 1641 1702 omnes,
1678 1657 1726 1693 ut
1763 1649 2076 1693 translationem
2098 1650 2201 1698 ‚fieri
2230 1662 2426 1696 censeant

329 1739 378 1768 ex
406 1725 506 1768 loco
537 1726 713 1781 proprio
742 1726 786 1766 in
817 1738 924 1775 eum,
966 1726 1040 1779 qui
1075 1738 1164 1766 non
1202 1726 1255 1766 sit
1288 1725 1506 1779 proprius3
1545 1730 1587 1765 at
1616 1726 1660 1766 in
1691 1722 1876 1766 diversas
1907 1723 2130 1768 discedunt
2159 1733 2311 1783 partes,
2350 1726 2426 1770 ubi

327 1798 381 1843 de
412 1800 547 1842 causis
576 1796 896 1855 rationibusque
926 1796 1242 1846 translationum
1261 1795 1525 1840 statuendum
1555 1803 1654 1839 erat.
1696 1796 1888 1854 Quantas
1917 1797 2065 1842 turbas
2095 1796 2352 1857 permutatae
2383 1807 2425 1842 et

326 1875 547 1927 permistae
570 1874 683 1914 >inter
712 1886 759 1913 se
784 1872 1043 1926 metaphora·
1061 1877 1104 1911 et
1133 1871 1381 1911 catachresis
1411 1870 1612 1921 dederint,
1643 1873 1742 1912 satis
1772 1870 2085 1914 declaravimus.
2133 1873 2222 1914 Sed
2251 1877 2424 1915 maxime

328 1961 353 1986 a
382 1960 485 1987 vero
517 1944 656 1986 abisse
684 1942 891 1995 videntur,
928 1944 1003 1998 qui
1040 1944 1165 1985 nimia
1203 1957 1422 1986 causarum
1458 1944 1681 1998 partitione
1722 1949 1818 1985 sunt
1847 1945 1925 1986 usi.
1987 1943 2054 1986 Ad
2082 1959 2224 1993 veram
2253 1960 2421 1988 causam

327 2025 369 2060 et
406 2016 461 2060 ad
497 2031 622 2065 unam
659 2023 773 2071 patet
811 2014 958 2057 aditus.
1019 2013 1106 2055 Ubi
1141 2016 1251 2056 inter
1286 2013 1554 2057 scribendum
1592 2022 1665 2056 aut
1701 2013 1925 2058 dicendum
1962 2017 2006 2058 in
2041 2018 2335 2074 cogitationem
2364 2021 2425 2062 rei

327 2092 559 2145 cuiuspiam
586 2086 817 2140 incidimus,
848 2099 1052 2143 persaepe
1080 2084 1175 2127 fieri
1203 2085 1324 2138 solet,
1357 2093 1405 2127 ut
1434 2087 1594 2127 animus
1625 2086 1880 2142 percellatur
1910 2088 2082 2131 alterius
2115 2088 2332 2132 miiusdam
2362 2094 2423 2133 rei

326 2162 589 2218 cogitatione,
629 2174 737 2217 quae
775 2165 950 2216 propter
987 2157 1235 2215 singularem
1272 2157 1457 2215 aliquam·
1488 2164 1530 2200 et
1566 2159 1766 2215 insignem
1804 2159 2113 2202 similitudinem
2152 2175 2230 2203 sua
2268 2171 2422 2218 sponte

325 2248 418 2277 sese
460 2235 608 2291 ingerit
644 2235 781 2281 animo
818 2239 949 2288 atque
991 2228 1191 2274 obtrudit.
1249 2232 1442 2287 Utraque
1482 2232 1775 2288 componenda
1816 2235 1925 2276 inter
1963 2247 2010 2276 se
2053 2241 2096 2277 et
2137 2235 2420 2291 comparanda

324 2321 412 2350 non
440 2306 709 2349 mediocriter
737 2302 972 2349 meditantis
1003 2306 1163 2346 animus
1192 2311 1407 2347 recreatur
1437 2312 1478 2347 et
1508 2304 1761 2355 oblectatum
1797 2320 1893 2348 nam
1930 2321 1981 2349 ea
2020 2314 2084 2350 est
2123 2310 2250 2351 animi
2278 2311 2343 2352 vis
2373 2324 2421 2352 ac

324 2388 484 2432 natura,
521 2388 568 2423 ut
597 2394 736 2423 rerum
764 2379 983 2435 multiplici
1013 2384 1055 2420 et
1085 2380 1262 2435 copiosa
1289 2380 1488 2421 varietate
1517 2378 1708 2435 gaudeat,
1745 2387 1791 2422 ut
1830 2394 1880 2422 ex
1909 2380 2203 2436 pertractanda
2235 2390 2276 2425 et
2305 2385 2420 2426 inve-

324 2453 512 2510 stiganda
540 2452 804 2496 similitudine
835 2466 977 2495 earum
1007 2449 1391 2494 dissimilitudineve
1419 2451 1595 2494 multum
1626 2452 1915 2497 delectationis
1946 2457 2094 2511 capiat,
2135 2462 2183 2498 ut
2221 2455 2276 2499 ab
2305 2458 2421 2499 insti-

324 2533 417 2568 tuto
446 2529 617 2583 negotio
649 2533 691 2569 et
720 2526 775 2568 ab
801 2528 916 2568 iusto
948 2524 1098 2568 ordine
1127 2525 1341 2582 paulisper
1373 2523 1427 2566 ad
1465 2524 1565 2567 alias
1602 2540 1671 2569 res
1710 2526 1891 2570 libenter
1929 2531 2183 2585 cogitatione
2214 2528 2419 2572 deflectat.

323 2600 598 2656 Deprehensa
626 2606 764 2642 autem
793 2599 1020 2644 similitudo
1053 2599 1182 2642 allicit
1212 2602 1401 2650 animum,
1433 2606 1483 2641 ut
1502 2613 1594 2642 eam
1624 2615 1725 2653 rem,
1756 2604 1799 2644 in
1830 2616 1914 2656 qua
1943 2609 2132 2643 versatur
2162 2604 2313 2654 oratio,
2345 2603 2418 2646 ad-

323 2676 433 2717 iecta
461 2675 524 2716 rei
552 2672 693 2716 similis
731 2672 1034 2729 significatione
1072 2671 1266 2725 illustret,
1303 2686 1352 2714 ac
1387 2671 1511 2717 simm
1542 2675 1773 2716 orationem
1804 2672 1982 2728 quadam
2012 2676 2318 2730 cogitationum
2347 2691 2417 2718 va-

323 2749 475 2789 rietate
499 2746 732 2803 perfundat.
794 2745 929 2800 Quod
958 2745 1034 2787 ubi
1057 2746 1345 2789 'vehementius
1374 2744 1556 2787 afficitur
1588 2747 1746 2787 animus
1786 2745 2066 2799 similitudine,
2105 2756 2153 2790 ut
2190 2751 2327 2807 imago
2358 2753 2418 2791 rei

324 2822 453 2863 menti
481 2820 676 2877 infigatur
706 2826 748 2862 et
776 2817 942 2875 penitus
972 2820 1218 2872 insinuetur,
1255 2832 1379 2875 saepe
1408 2815 1513 2860 illud
1542 2816 1675 2860 simile
1704 2820 1748 2860 in
1776 2817 1919 2861 locum
1948 2822 2149 2877 propriae
2180 2824 2241 2864 rei
2270 2836 2417 2865 succe-

325 2892 386 2936 dit
416 2895 591 2950 eiusque
621 2900 760 2950 partes
790 2893 963 2949 suscipit
991 2894 1061 2945 ita,
1099 2899 1157 2935 ut.
1184 2890 1405 2943 denotetur
1442 2888 1612 2947 quidem
1650 2893 1741 2935 eius
1778 2894 1853 2946 rei,
1892 2891 1946 2936 de
1983 2908 2069 2950 qua
2099 2896 2245 2952 agitur,
2282 2897 2414 2946 notio,

324 2971 463 3022 neque
492 2981 595 3011 vero
626 2967 751 3023 plane
781 2969 1060 3024 exstinguatur
1087 2966 1277 3025 imaginis
1295 2968 1356 3009 vis
1385 2971 1426 3007 et
1449 2958 1648 3021 potestas.
1711 2964 1886 3024 Quippe
1910 2968 1999 3010 eius
2022 2967 2180 3011 lumine
2203 2983 2255 3012 ac
2277 2969 2413 3027 splen-

325 3040 429 3084 dore
459 3042 593 3082 omnis
625 3042 761 3082 oratio
793 3039 1057 3098 distinguitur
1088 3047 1130 3083 et
1158 3040 1394 3083 illustratur.
1453 3038 1601 3094 Itaque
1638 3038 1837 3080 translata
1865 3039 1998 3082 verba
2034 3041 2190 3083 simul
2225 3050 2267 3084 et
2296 3055 2411 3098 aper-

326 3121 409 3157 tam
437 3120 564 3169 atque
595 3111 819 3156 dilucidam
848 3113 1038 3157 reddunt
1060 3115 1290 3157 orationem
1319 3118 1587 3169 et·omatum
1617 3114 1707 3154 eius
1739 3121 1891 3171 augent
1918 3129 1969 3156 ac
1996 3114 2242 3173 dignitatem.
2288 3112 2412 3166 Quae

328 3193 542 3244 praeterea
571 3192 788 3231 sumuntur
817 3188 1052 3241 partitionis
1083 3200 1243 3237 causae,
1277 3198 1351 3227 eae
1381 3198 1470 3228 non
1499 3187 1719 3242 primariae
1749 3194 1848 3230 sunt
1878 3194 1920 3230 et
1950 3202 1999 3230 ex
2029 3190 2120 3243 ipsa
2147 3188 2207 3227 rei
2236 3186 2412 3228 notione

1965 3266 1997 3302 B
2017 3273 2037 3303 2
