2757 3701
1342 253 1405 303 51

331 433 554 478 dictatoris
585 456 639 468 —
667 430 824 491 milites
849 431 1081 483 accensi.
1144 430 1185 483 9,
1211 429 1282 483 31,
1309 429 1355 475 53
1381 427 1677 491 spepraedae
1705 427 1861 474 milites
1888 431 2110 475 accensi.
2173 430 2414 484 21‚11,4=

332 514 380 551 ut
405 519 491 567 pro
526 507 726 555 concione
756 501 974 572 praedam
1001 511 1158 565 captae
1184 500 1302 572 urbis
1329 500 1471 548 edit-it
1499 502 1684 548 militwn
1706 503 1832 560 sore,
1869 501 1980 548 adeo
2016 505 2232 548 accensi
2263 518 2416 548 omnes

331 589 446 631 sum,
479 589 526 628 ut
554 603 627 623 —.
674 582 747 634 21,
769 578 910 634 48,2=
936 592 1016 638 spe
1044 578 1284 636 ingentium
1311 575 1524 621 donorum
1549 591 1818 622 accensos.
1873 580 1944 628 22,
1969 578 2036 629 13,
2061 579 2104 619 13
2133 593 2417 621 accensum

330 663 404 698 tot
420 651 751 716 magnatibus
775 650 1053 713 ‚cladibusque
1083 652 1309 701 sociomm.
1357 651 1429 705 27,
1448 649 1518 705 49,
1538 653 1597 695 33,
1615 649 1688 695 ille
1700 650 1887 708 fessos
1916 647 2239 710 abnuentesque
2267 649 2413 695 taedio

329 736 374 771 et
398 725 547 775 labam
576 739 690 769 nune
712 724 934 786 precando
963 740 1081 770 nunc
1110 722 1361 785 castigando
1392 723 1650 769 accendit.
1713 726 1784 779 29,
1808 725 1849 778 9,
1872 724 1919 768 63
1961 724 2010 766 in
2040 721 2174 766 multo
2205 725 2414 783 impoten-

330 802 485 846 aarum
508 796 648 845 subito
676 789 843 857 rabiem
870 799 1101 849 accensi.
1161 800 1233 853 30,
1259 800 1324 852 11,
1348 799 1391 843 6:
1430 814 1563 859 quum
1586 797 1772 859 pulsos
1808 796 2053 858 &dig-rufio
2080 794 2414 841 accenderet.

330 870 403 925 34,
429 873 495 925 15,
524 874 565 915 1:
589 872 785 929 fessos¹
809 874 902 917 iam
935 888 1035 918 suos
1068 871 1219 918 consul
1252 897 1306 908 —
1342 871 1613 917 subsidiariis
1653 871 1899 916 cohortibus
1928 873 1977 916 in
2000 887 2198 932 pugnam
2228 868 2416 914 inductis

328 942 589 993 accendit.
623 970 677 996 ,-
719 944 790 1001 Ad
816 945 929 999 idem
956 955 1090 1006 genus
1108 945 1371 992 referendum
1394 953 1460 991 est
1480 947 1800 1007 extinguere
1823 944 1875 990 C.
1895 946 1936 1000 3,
1958 947 2024 1000 12,
2042 947 2090 988 53
2120 942 2418 1006 querebantur

327 1017 572 1080 abluentem
601 1034 725 1079 ,aqua
752 1032 909 1080 corpus
943 1029 1138 1080 ereptum
1167 1034 1260 1063 esse
1289 1030 1332 1063 et
1360 1021 1671 1063 ext-tinctum.
1719 1021 1761 1071 3,
1785 1021 1851 1070 13,
1879 1020 1953 1060 10:
1983 1018 2168 1076 ignobili
2195 1027 2334 1059 morte
2364 1020 2415 1059 in

328 1089 607 1137 tabernaculo
638 1094 889 1150 extingui
913 1108 984 1143 se,
1024 1093 1145 1150 quod
1172 1107 1300 1150 saepe
1327 1094 1553 1150 repetitum
1582 1099 1656 1136 est.
1715 1093 1791 1136 Est
1819 1099 1957 1136 autem
1986 1093 2204 1148 proprium
2234 1089 2341 1134 illud
2369 1091 2417 1133 in

326 1163 422 1219 igne
450 1159 588 1209 infusa
616 1158 800 1218 desuper
828 1175 939 1218 aqua
967 1177 1174 1221 oppresso
1204 1180 1256 1209 ac
1283 1164 1443 1210 deleto:
1480 1171 1610 1222 atque
1646 1166 1709 1208 vis
1738 1164 1874 1208 vitalis
1902 1162 2031 1220 habet
2059 1163 2240 1220 aliquam
2268 1164 2416 1219 igneae

326 1242 501 1283 naturae
536 1232 856 1282 similitudinem.
909 1234 1010 1277 Vid.
1047 1236 1149 1279 Sall.
1175 1237 1265 1294 lug.
1289 1237 1359 1291 14,
1382 1239 1429 1281 93
1471 1238 1618 1297 stirpis
1650 1247 1750 1279 tuae
1785 1237 2072 1279 extinctor.
2140 1234 2209 1286 14,
2237 1235 2309 1276 15:
2342 1249 2418 1292 ge-

328 1308 445 1355 neris
474 1304 699 1366 praesidia
731 1307 881 1350 omnia
919 1308 1165 1351 extincta
1196 1318 1312 1352 sunt.
1375 1308 1447 1362 95,
1469 1310 1515 1351 33
1540 1307 1729 1364 ‘familia
1756 1324 1894 1368 prope
1924 1309 2172 1352 extincta
2202 1308 2415 1350 maiorum

326 1393 516 1438 ignavia.

526 1453 564 1510 ξ.
581 1453 622 1501 7.
680 1453 860 1511 Insuper
896 1454 1042 1510 paucis
1080 1452 1333 1509 quibusdam
1369 1452 1565 1508 exemplis
1603 1452 1818 1508 praeclara
1854 1455 2006 1496 eminet
2037 1453 2252 1496 translatio
2283 1466 2411 1497 voca-

324 1525 534 1578 bulorum,
563 1540 682 1589 quae.
702 1526 756 1572 de
781 1525 891 1575 luce,
908 1528 1082 1583 proprie
1117 1528 1223 1583 poni
1256 1525 1405 1571 solent.
1465 1526 1563 1569 Hoc
1598 1527 1642 1568 in
1675 1539 1827 1581 genere
1856 1528 2035 1582 primum
2065 1526 2411 1570 commemorabi-

325 1609 420 1641 mus
433 1596 671 1654 fulgere,
701 1597 821 1653 quod
846 1611 977 1652 quim
1003 1600 1224 1653 proprium
1251 1600 1307 1639 sit
1331 1597 1556 1652 fulgurum,
1583 1598 1799 1639 transferri
1819 1597 2010 1639 videmus
2032 1600 2078 1639 in
2104 1599 2306 1651 homines,
2337 1602 2413 1655 qui

302 1668 445 1719 ‚cultu
473 1675 516 1711 et
544 1671 667 1712 armis
695 1669 905 1724 fulgurum
935 1670 1065 1711 instar
1092 1668 1324 1724 splendent.
1383 1669 1444 1711 Ita
1474 1668 1526 1712 C.
1555 1670 1596 1720 3,
1618 1672 1657 1720 8,
1678 1671 1755 1711 263
1792 1672 1912 1728 equis
1943 1671 2137 1729 vitisque
2166 1685 2256 1713 non
2281 1687 2406 1721 aum,

310 1756 415 1795 ,non
443 1739 647 1785 discolori
675 1751 813 1789 veste,
854 1739 935 1783 sed
944 1740 1076 1795 serm
1109 1751 1240 1799 atque
1274 1756 1376 1783 aere
1396 1741 1759 1799 fulgentibus,
1796 1757 1884 1798 quo
1921 1743 2021 1785 loco
2051 1758 2107 1786 ne
2136 1746 2331 1800 cuiquam
2360 1745 2411 1787 il-

325 1812 419 1857 lud:
457 1827 547 1856 non
573 1810 777 1856 discolori
804 1821 926 1855 veste
940 1810 1118 1871 fiilgere
1148 1812 1392 1870 scrupulum
1421 1814 1586 1866 inliciat,
1624 1816 1812 1870 quamvis
1841 1828 1910 1858 res
1949 1822 2094 1872 aperta
2130 1818 2195 1868 sit,
2236 1816 2410 1860 evellam

326 1895 464 1933 tamen
506 1888 704 1944 apposito
741 1884 932 1941 exemplo
970 1887 1236 1928 ciceroniano
1272 1887 1317 1927 in
1351 1884 1475 1928 Catil.
1515 1890 1555 1939 2,
1584 1888 1625 1939 3,
1658 1888 1701 1930 53
1749 1890 1828 1946 qui
1866 1889 2006 1930 nitent
2044 1892 2287 1948 unguentis,
2332 1892 2413 1949 qui

309 1959 535 2018 fulgent
553 1973 807 2017 purpura.
857 1956 1116 2000 simillimum
1139 1964 1204 2000 est
1223 1956 1412 2009 8,17‚4:
1437 1958 1571 2015 periti
1596 1958 1803 2000 militares
1836 1975 1944 2002 auro
1975 1971 2018 2002 et
2051 1961 2411 2021 ebor-efulgere

326 2029 544 2074 dicebant.
593 2029 707 2072 Vide
728 2028 916 2085 Cap.v1.
939 2053 993 2062 —
1033 2028 1253 2070 Praeterea
1282 2041 1505 2084 apponam,
1536 2029 1655 2083 quod
1685 2044 1781 2071 cum
1809 2030 1886 2073 illo
1915 2033 2015 2074 satis
2043 2034 2312 2077 coniunctum
2339 2042 2414 2087 cst,

326 2105 548 2146 emicare
571 2101 685 2158 apud
708 2100 758 2144 C.
774 2100 814 2153 7,
829 2101 898 2151 27,
913 2103 989 2142 203
1020 2099 1205 2155 (Cyrum
1231 2106 1273 2141 et
1294 2099 1571 2154 Semiramim)
1595 2109 1640 2141 et
1660 2101 1960 2157 magnitudine
1985 2107 2129 2146 am'rni
2148 2116 2195 2148 et
2215 2106 2414 2150 claritate

326 2192 469 2221 mrum
500 2173 625 2234 longe
656 2173 929 2218 emicuisse
954 2170 1171 2216 credebat.
1227 2171 1335 2216 Nam
1365 2186 1496 2230 quum
1523 2173 1721 2216 micare
1750 2175 1970 2230 proprium
2001 2189 2095 2219 esse
2123 2175 2316 2222 videatur
2343 2195 2411 2223 re-

325 2264 417 2293 rum
446 2247 707 2300 vibrantium,
736 2254 873 2291 tamen
900 2248 959 2290 ita
987 2244 1252 2290 consuetudo
1290 2245 1459 2289 deflexit
1476 2244 1752 2298 vocabulum,
1788 2252 1836 2289 ut
1864 2260 2001 2304 aeque
2028 2251 2250 2307 proprium
2279 2251 2410 2295 habe-

325 2330 442 2365 retur
487 2323 532 2364 in
575 2321 785 2379 fulgurum
829 2318 1146 2378 gladiorumque
1185 2326 1316 2362 motu.
1374 2320 1430 2361 V.
1467 2318 1585 2362 Curt.
1617 2321 1655 2370 8,
1690 2318 1756 2371 14,
1786 2321 1834 2361 3:
1872 2319 1931 2361 ab
1970 2322 2091 2363 omni
2126 2334 2258 2380 parte
2299 2325 2410 2368 coeli

326 2399 555 2439 emicare
577 2395 817 2454 fulgura.
876 2397 917 2446 8,
948 2395 987 2446 9,
1017 2393 1094 2436 26:
1129 2409 1314 2436 excussa
1350 2394 1570 2436 tormentis
1607 2391 1718 2435 tela
1753 2392 2043 2437 micabant.
2106 2396 2160 2438 Et
2194 2397 2408 2455 fulgurum

327 2456 634 2512 similitudinem
671 2470 715 2512 in
749 2465 824 2512 isso
860 2466 961 2510 loco
997 2467 1079 2509 iam
1112 2465 1408 2510 illustravimus
1443 2479 1536 2523 pag.
1547 2466 1645 2508 683.
1704 2467 1762 2508 At
1795 2465 1901 2508 illud
1939 2474 2052 2510 certe
2088 2470 2407 2516 concedendum

327 2544 423 2595 erit,
467 2540 679 2585 bonorum
716 2542 966 2598 scriptorum
1003 2541 1210 2584 neminem
1246 2539 1390 2582 eadem
1425 2539 1497 2582 illa
1531 2539 1775 2596 metaphora
1813 2553 1906 2583 esse
1943 2555 2084 2590 usum;
2127 2557 2229 2586 usus
2266 2551 2407 2589 tamen

327 2622 390 2660 est
416 2616 598 2659 Iustinus
623 2618 664 2668 2,
684 2615 724 2667 9,
749 2613 822 2659 153
851 2614 967 2657 inter
995 2622 1156 2657 ceteros
1188 2611 1479 2656 Themistoclis
1508 2610 1791 2656 adolescentis
1817 2612 1905 2671 glo
1915 2616 1994 2656 ria
2025 2616 2253 2669 emicuit,
2285 2619 2408 2675 quod

329 2696 559 2741 structura,
599 2701 688 2731 non
710 2689 895 2746 ‘ratione
931 2686 1159 2730 verborum
1197 2687 1255 2730 ab
1296 2688 1482 2729 curtiano
1524 2687 1714 2742 exemplo
1757 2675 1978 2729 abhorret*
2022 2688 2122 2731 Vid.
2163 2691 2409 2735 Boetticher

325 2762 423 2804 Lex.
455 2764 587 2806 Tacit.
614 2762 763 2818 p.173.

527 2835 566 2892 §.
583 2838 623 2881 8.
679 2835 874 2892 Denique
902 2835 948 2878 in
975 2833 1089 2879 hunc
1117 2832 1306 2878 ordinem
1334 2830 1556 2890 redigenda
1584 2838 1681 2876 sunt
1703 2831 1833 2877 verba
1862 2832 1944 2877 alia
1972 2832 2087 2879 haud
2114 2851 2264 2894 pauca,
2295 2854 2407 2896 quae

327 2921 457 2964 quum
491 2911 665 2965 proprie
702 2914 777 2952 aut*
809 2909 1012 2952 actionem
1046 2908 1091 2950 in
1125 2921 1195 2950 res
1232 2922 1258 2950 a
1291 2912 1435 2949 natura
1471 2913 1712 2963 procreatas
1748 2905 1947 2950 directam
1982 2915 2054 2951 aut
2082 2915 2237 2954 statum
2265 2926 2407 2957 rerum

328 2980 630 3025 eiusdemmodi
667 2982 880 3037 denotent,
917 2984 961 3026 in
996 2982 1186 3025 homines
1222 2981 1540 3030 transfenmtur3
1580 2979 1701 3037 quod
1736 2980 1813 3024 ubi
1848 2982 2003 3025 factum
2040 2990 2116 3038 est,
2155 2985 2404 3044 plerumque

327 3057 450 3099 animi
480 3055 686 3111 quaedam
716 3056 884 3099 affectio
916 3054 1190 3099 describenda
1219 3062 1316 3098 erat.
1374 3054 1435 3096 Ex
1461 3054 1526 3097 his
1556 3055 1746 3112 exempla
1781 3055 1943 3112 aliquot
1971 3057 2206 3115 seligimus,
2235 3060 2310 3103 sed
2338 3075 2401 3102 sa-

325 3131 380 3173 tis
408 3130 496 3181 erit,
525 3135 576 3171 ut
602 3129 646 3171 in
674 3142 722 3171 re
748 3142 852 3172 sane
879 3131 987 3183 uita,
1016 3130 1288 3187 proposuisse
1313 3125 1438 3170 nuda.
1496 3128 1620 3172 Unus
1651 3130 1836 3173 omnium
1861 3130 2220 3189 frequentissimus
2245 3134 2288 3174 in
2316 3131 2400 3174 hoc

327 3217 479 3259 genere
505 3216 607 3246 usus
638 3209 701 3246 est
729 3201 928 3246 vocabuli
955 3202 1199 3258 afficere,
1228 3200 1343 3245 velut
1371 3201 1413 3254 6,
1444 3205 1514 3255 22,
1548 3205 1622 3246 183
1661 3205 1869 3255 Nicanor,
1908 3203 2053 3248 subita
2083 3214 2217 3248 morte
2250 3218 2400 3249 corre-

1950 3283 1990 3322 G
2008 3290 2029 3321 2
