2757 3701
366 871 541 966 Quum
578 908 769 961 proximo
806 919 915 951 anno
946 905 1153 962 Quintum
1183 904 1376 949 Curtium
1403 905 1560 948 Rufum
1597 903 1882 960 qualicunque
1912 915 2044 957 opera
2072 915 2166 943 mea
2194 899 2446 942 ilhistratum

367 975 535 1022 ederem,
562 985 604 1021 et
633 977 905 1032 emendatum,
934 980 1089 1026 factmn
1121 985 1187 1022 est
1215 993 1354 1036 quum
1373 984 1550 1036 propter
1579 975 1744 1019 consilii
1771 976 1854 1017 mei
1880 975 2096 1026 rationem,
2132 981 2221 1017 tum
2251 971 2373 1030 quod
2403 974 2447 1014 in

360 1053 560 1094 maiorem
587 1052 668 1094 iam
685 1051 852 1094 ‘molem
880 1060 1066 1096 creverat
1094 1067 1218 1110 opus,
1246 1060 1295 1096 ut
1323 1054 1423 1095 satis
1451 1051 1594 1103 multa,
1628 1064 1740 1106 quae
1770 1048 1824 1091 ab
1855 1050 1917 1100 iis,
1955 1050 2030 1103 qui
2061 1050 2104 1090 in
2134 1047 2287 1090 eodem
2315 1061 2447 1103 nego-

360 1126 421 1165 tio
452 1122 787 1175 elaboravemnt,
818 1131 890 1168 aut
918 1125 1210 1180 praetermissa
1224 1127 1309 1168 faut
1336 1137 1425 1167 non
1452 1121 1729 1180 probabiliter
1749 1135 1799 1164 ex
1818 1122 1933 1164 omni
1951 1126 2071 1177 parte
2101 1119 2311 1178 disputata
2330 1118 2448 1162 vide-

362 1204 515 1248 rentur,
554 1199 597 1239 in
632 1200 843 1253 praesenti
872 1195 1100 1240 omittenda
1129 1203 1172 1239 et
1198 1198 1244 1238 in
1271 1203 1488 1253 posterum
1513 1194 1741 1239 reiicienda
1768 1195 1867 1237 mihi
1897 1207 1989 1236 esse
2018 1193 2300 1251 intelligerem.
2362 1192 2450 1235 De-

362 1270 636 1328 reliuquenda
673 1279 812 1314 autem
849 1277 967 1314 erant
1003 1277 1169 1327 praeter
1199 1276 1338 1312 cetera
1367 1269 1527 1326 aliquot
1565 1268 1834 1311 difficillimae
1868 1266 2291 1325 impeditissimaeque
2321 1279 2450 1324 quae-

362 1346 508 1387 stionis
540 1346 686 1401 capita.
746 1345 898 1401 Neque
929 1345 1037 1386 enim
1067 1356 1156 1399 quo
1188 1343 1380 1395 consilio,
1417 1358 1503 1400 qua
1532 1350 1621 1385 arte
1658 1358 1788 1399 quum
1823 1345 1868 1384 in
1898 1344 2012 1384 omni
2042 1356 2182 1384 rerum
2211 1343 2452 1383 narratione

363 1416 665 1473 componenda,
695 1424 783 1460 tum
812 1420 855 1463 in
885 1429 1130 1472 graecorum
1151 1418 1412 1471 ,scriptorum
1442 1415 1497 1456 de
1515 1416 1672 1469 Magno
1692 1414 1931 1455 Alexandro
1950 1414 2069 1454 libris
2089 1414 2144 1454 ad
2173 1428 2298 1454 suum
2329 1426 2444 1453 com-

361 1488 534 1529 modum
564 1488 862 1528 convertendis
886 1502 991 1528 usus
1022 1495 1131 1528 esset
1159 1488 1347 1536 Cmtius,
1375 1490 1486 1527 iusta
1505 1501 1556 1527 ac
1571 1486 1699 1539 plena
1726 1486 2074 1526 commentatione
2105 1487 2325 1539 separatim
2356 1485 2448 1527 fue-

362 1564 427 1599 rat
464 1555 751 1612 disceptatum,
789 1569 929 1613 neque
960 1570 1076 1611 -quae
1113 1555 1346 1612 singillatim
1385 1555 1439 1597 de
1478 1557 1668 1598 oratione
1707 1557 1923 1611 scriptoris
1961 1557 2005 1596 in
2044 1561 2264 1611 utramque
2292 1565 2452 1612 partem

365 1629 574 1685 disputata
610 1630 653 1671 in
691 1630 995 1674 commentariis
1033 1627 1236 1679 extabant,
1274 1631 1318 1670 in
1355 1643 1485 1671 unum
1523 1628 1666 1671 locum
1706 1631 1827 1684 quasi
1859 1630 1953 1684 cogi
1983 1635 2025 1670 et
2056 1630 2300 1685 congregari
2328 1635 2454 1684 atque

364 1716 443 1747 suo
483 1701 630 1745 ordine
666 1703 723 1743 ita
768 1701 936 1758 disponi
980 1708 1217 1758 potuerant,
1263 1708 1309 1744 ut
1346 1716 1456 1758 quae
1492 1700 1591 1743 inde
1630 1700 1683 1744 de
1723 1703 1813 1744 eius
1853 1708 1987 1744 aetate
2026 1704 2271 1744 coniectura
2307 1710 2455 1759 posset

366 1779 470 1833 capi,
499 1775 716 1818 manifesto
747 1781 968 1817 teneretur.
1029 1773 1154 1830 Quae
1184 1775 1336 1826 omnia,
1366 1776 1402 1816 si
1432 1775 1564 1817 otium
1594 1781 1636 1817 et
1651 1775 1761 1816 vires
1781 1788 1869 1817 non
1890 1774 2097 1827 deessent,
2128 1789 2224 1818 mox
2241 1776 2334 1818 fore
2353 1791 2453 1833 pro-

365 1850 527 1900 fitebar,
558 1856 606 1891 ut
634 1864 659 1891 a
684 1862 752 1890 me
782 1854 1136 1904 pertractarentur
1165 1846 1315 1889 sedulo
1346 1854 1399 1899 et,
1431 1855 1629 1903 quantum
1658 1847 1753 1890 fieri
1781 1855 1937 1903 posset,
1969 1849 2292 1904 explicarentur;
2324 1857 2452 1904 atque

364 1926 408 1965 in
438 1937 529 1965 eam
558 1936 645 1964 rem
675 1920 803 1965 fidem
832 1919 1148 1976 interponebam
1178 1934 1323 1962 meam.
1383 1921 1503 1963 Hanc
1531 1922 1655 1977 igitur
1685 1926 1731 1963 ut
1761 1919 1901 1977 aliqua
1940 1934 1990 1963 ex
2025 1928 2145 1977 parte
2181 1921 2452 1974 exsolverem,

367 1998 554 2051 quamvis
585 1995 638 2038 ad
669 1995 748 2037 alia
777 2008 843 2037 me
870 1993 1010 2036 studia
1039 1994 1220 2035 traheret
1250 1996 1423 2045 animus,
1454 1992 1655 2035 utendum
1686 2007 1779 2035 esse
1804 1993 2027 2040 videbatur
2057 2008 2106 2036 ea
2137 1994 2348 2037 scribendi
2378 2009 2456 2052 op-

366 2071 632 2125 portunitate,
676 2081 800 2122 quam
838 2073 1012 2121 propter
1051 2067 1266 2107 imminens
1307 2065 1391 2107 hoc
1430 2067 1524 2120 ipso
1563 2079 1675 2107 anno
1712 2066 1987 2109 scholasticae
2022 2070 2261 2124 scriptionis
2305 2083 2456 2111 munus

363 2140 461 2181 mihi
492 2139 679 2182 oblatum
709 2141 760 2180 in·
788 2137 993 2183 videbam.
1053 2137 1141 2180 Sed
1169 2140 1213 2179 in
1241 2138 1327 2179 hoc
1355 2137 1533 2180 consilio
1563 2151 1653 2179 non
1682 2136 1791 2179 idem
1823 2141 2019 2190 omnium,
2059 2154 2169 2195 quos
2198 2139 2329 2183 modo
2360 2141 2454 2193 dixi,

364 2212 557 2254 locorum
587 2218 676 2254 erat
705 2226 828 2261 usus;
858 2223 953 2270 nam
983 2210 1154 2254 scholae
1185 2225 1315 2266 quum
1345 2217 1458 2253 esset
1477 2210 1755 2263 scribendum,
1786 2210 1889 2268 quid
1918 2212 2119 2254 attinebat
2149 2215 2352 2256 interiora
2381 2214 2454 2257 de-

365 2284 498 2327 libare
527 2283 753 2327 litterarum
784 2271 944 2328 studia?
1003 2283 1174 2327 Omissa
1203 2286 1326 2341 igitur
1356 2286 1471 2327 omni
1501 2283 1782 2340 disputatione
1819 2285 1947 2341 paulo
1985 2284 2257 2338 abstrusiore,
2298 2290 2455 2330 omisso

365 2359 585 2402 recondito
630 2373 680 2400 ac
716 2356 903 2415 superbo
946 2356 1162 2400 doctrinae
1204 2365 1419 2415 apparatu,
1465 2371 1554 2400 eam
1596 2358 1902 2402 commentandi
1941 2362 2154 2402 materiam
2195 2359 2457 2417 deligendam

309 2488 313 2492 ι
365 2432 464 2474 mihi
492 2446 584 2474 esse
614 2430 903 2488 intelligebam,
940 2433 1009 2473 cui
1038 2445 1197 2474 summa
1228 2446 1324 2474 cum
1353 2431 1497 2474 schola
1526 2431 1782 2489 scholaeque
1813 2432 2046 2476 rationibus
2076 2434 2355 2478 intercederet
2383 2450 2455 2478 ne-

367 2504 598 2554 cessitudo;
637 2519 746 2560 quae
779 2504 948 2560 quidem
978 2504 1195 2562 diligenter
1225 2512 1472 2562 pertractata
1501 2519 1587 2548 non
1617 2505 1747 2549 modo
1780 2506 1995 2563 discipulis
2025 2507 2246 2564 plurimum
2277 2508 2454 2564 prodes-

368 2587 430 2622 set
460 2578 513 2622 ad
543 2576 771 2636 augendam
801 2577 1131 2635 firmandamque
1160 2579 1427 2637 intelligendi,
1469 2578 1693 2632 scribendi,
1736 2580 1903 2622 dicendi
1933 2581 2182 2632 facultatem,
2224 2581 2302 2624 sed
2332 2586 2455 2626 etiam

368 2668 452 2709 qua
465 2690 467 2692 .
480 2655 550 2695 via
578 2659 621 2695 et
648 2653 808 2694 ratione
846 2649 908 2694 illi
947 2651 1201 2696 docerentur
1238 2661 1364 2710 atque
1401 2652 1674 2703 erudirentur,
1715 2660 1757 2694 et
1795 2652 2038 2708 parentibus
2077 2652 2385 2712 discipulorum
2415 2666 2456 2701 et

367 2725 549 2783 collegis,
587 2725 777 2768 laborum
815 2725 1173 2782 consiliorumque
1210 2730 1348 2779 sociis,
1384 2734 1425 2769 et
1461 2728 1560 2768 viris
1597 2726 1895 2777 illustrissimis,
1935 2728 2010 2782 qui
2048 2728 2205 2771 scholis
2242 2738 2453 2785 praesunt,

368 2798 622 2842 documento
653 2813 746 2841 esse
775 2804 930 2855 posset.
991 2797 1066 2842 Ob
1097 2814 1188 2845 eam
1219 2814 1385 2844 causam
1414 2800 1708 2842 constitueram
1740 2798 1936 2855 equidem
1968 2799 2023 2843 de
2049 2800 2327 2859 eloquutione
2344 2800 2455 2845 Cur-

366 2874 413 2914 tii
442 2872 636 2915 scribere.
697 2872 784 2915 Sed
821 2879 994 2929 propter
1028 2873 1179 2917 horum
1219 2874 1457 2918 libellorum
1487 2871 1594 2915 fines
1625 2874 1735 2915 satis·
1756 2880 1956 2930 angustos
1986 2888 2074 2917 non
2104 2878 2340 2918 universam
2369 2891 2456 2919 rem

368 2945 521 2989 licebat
551 2945 918 3003 comprehendere,
948 2961 1094 2989 verum
1124 2947 1186 2991 his
1214 2956 1303 2990 erat
1331 2947 1511 2990 terminis
1543 2946 1925 2990 circumscribenda
1955 2952 2273 3002 commentatio,
2291 2956 2339 2992 ut
2367 2957 2454 2992 tan-

369 3018 582 3064 tummodo
620 3018 684 3062 de
714 3019 1150 3078 translationum,
1189 3036 1322 3078 quae
1359 3025 1630 3073 vocantur,
1668 3020 1809 3076 apud
1840 3019 2081 3065 Curtium
2119 3037 2216 3067 usu
2255 3031 2451 3082 ageretur.

370 3095 462 3137 Hac
491 3093 542 3135 de
572 3107 618 3135 re
649 3095 705 3135 ita
736 3093 940 3150 disputari
969 3110 1097 3152 posse
1128 3094 1337 3153 putabam,
1367 3100 1415 3136 ut
1445 3100 1487 3136 et
1517 3094 1688 3137 scholae
1720 3095 1942 3139 satisfieret
1971 3110 2110 3153 neque
2140 3097 2353 3155 singularis
2381 3094 2455 3137 illa

372 3175 412 3211 et
454 3168 677 3211 multorum
717 3168 902 3212 virorum
948 3167 1283 3211 doctissimorum
1328 3169 1839 3225 ingeniosissimorumque
1885 3170 2166 3226 disputatione
2208 3171 2358 3224 agitata
2401 3168 2455 3210 de

2045 3251 2080 3287 A
