2757 3701
1365 266 1426 315 17

349 443 484 486 vellet.
508 443 674 499 quidem
703 455 783 485 nec
812 447 959 499 posset
987 447 1126 482 tamen
1141 460 1143 463 ·
1156 438 1311 495 eloqui.
1354 440 1412 482 At
1432 441 1521 482 eius
1540 446 1677 483 tamen
1696 438 1854 482 iudicio
1874 454 1954 483 nee
1973 443 2192 499 Zumptius
2221 455 2304 484 nec
2321 443 2435 485 Bon-

350 514 488 561 nellus
523 522 631 559 stare
659 515 877 567 videntur,
904 526 1087 570 quorum
1115 512 1188 555 ille
1214 526 1354 569 neque
1381 515 1426 556 in
1454 515 1612 556 maiore
1641 512 1830 555 editione
1861 513 1967 564 T.v,
1997 529 2038 569 p.
2048 515 2134 557 385
2172 529 2253 557 nec
2281 516 2326 557 in
2356 517 2435 557 mi-

348 602 456 632 nore
484 588 623 645 p.‘364
655 590 881 645 quicquam
910 586 965 630 de
994 587 1059 629 his
1088 584 1217 629 rebus
1247 584 1481 642 disputavit,
1511 586 1617 629 alter
1644 588 1689 629 in
1718 585 1876 627 Lexico
1908 583 2219 640 Quinctilianeo
2250 590 2352 644 ipsis
2383 588 2434 630 il·

347 660 411 714 lite,
449 675 556 719 quae
584 664 630 704 in
658 662 939 717 suspicionem
967 665 1170 703 venerant
1197 658 1457 717 Spaldingio,
1492 659 1631 702 verbis
1670 658 1897 714 aliquoties
1928 672 2031 700 usus
2070 664 2133 700 est
2163 660 2231 710 ita,
2265 667 2311 702 ut
2339 661 2436 703 nul-

346 734 414 777 lus
444 732 688 789 scrupulus-¹
706 731 760 777 de
795 747 942 779 eorum
976 734 1211 790 integritate
1247 731 1452 776 resedisse
1480 731 1681 775 videatur.
1731 730 1824 774 Nec
1853 732 2070 774 immerito.
2122 730 2231 773 Nam
2260 734 2437 787 primum

347 804 453 848 illud
481 803 656 859 dz‘cz‘tzm'
683 808 735 850 in:
750 820 850 864 -quo
877 805 1079 851 haerebat
1104 805 1189 860 ille,
1226 806 1318 858 nnn
1344 811 1409 849 est
1436 806 1629 863 profecto
1659 803 1781 854 idem,
1813 804 1933 861 quod
1965 803 2053 847 dici
2085 801 2227 856 debet,
2266 803 2344 848 sed
2374 811 2439 848 est

346 878 452 921 fere:
500 877 767 940 intelligitum
816 895 925 937 quae
961 879 1132 937 quidem
1166 878 1287 923 verbi
1314 881 1377 922 vis
1413 881 1456 923 in
1493 881 1614 922 certis
1652 878 1904 935 quibusdam
1940 879 2251 921 enuntiatorum
2289 867 2436 921 formis

346 951 770 1009 frequentissimaest.
813 953 979 999 Deinde
998 956 1165 1007 minime
1189 954 1371 997 strictius
1399 952 1665 1011 intelligenda
1693 952 1861 996 videtur
1890 965 1983 995 esse
2011 966 2155 1005 causa,
2186 958 2234 994 ut
2262 952 2307 994 in
2337 949 2433 994 illo:

344 1040 476 1068 causa
499 1040 582 1085 pm
610 1025 773 1083 effectu,
810 1025 886 1070 sed
922 1027 1048 1085 longe
1084 1027 1253 1085 lateque
1289 1026 1443 1070 diffusa
1479 1032 1544 1069 est
1580 1027 1714 1077 notio,
1752 1031 1800 1067 ut
1838 1036 1982 1067 omnes
2019 1024 2112 1067 illas
2144 1031 2286 1081 partes
2316 1037 2434 1066 com-

343 1097 586 1153 prehendat,
624 1111 729 1151 quas
757 1101 945 1152 proxhna
974 1101 1256 1156 disputatione
1283 1102 1525 1156 percensuit
1553 1096 1897 1154 Quinctilianus.
1935 1097 2060 1153 Quae
2091 1112 2222 1153 quum
2252 1100 2310 1139 ita
2339 1099 2435 1148 sint,

343 1168 443 1211 licet
470 1182 551 1211 nec
581 1166 776 1212 omnibus
805 1171 988 1213 numeris
1017 1170 1212 1215 absoluta
1239 1186 1320 1216 nec
1349 1170 1576 1216 admodum
1603 1169 1814 1215 laudanda
1843 1172 1897 1214 sit
1934 1170 2167 1227 explicatio,
2205 1177 2344 1213 tamen
2371 1170 2435 1213 fe-

343 1241 479 1285 renda
514 1248 626 1285 certe
656 1243 746 1296 erit,
782 1256 863 1286 nec
901 1243 1072 1286 omnino
1102 1242 1157 1286 ab
1195 1246 1402 1301 scriptore
1436 1244 1511 1287 illo
1544 1242 1822 1287 abiudieanda
1852 1258 1946 1286 esse
1975 1242 2199 1287 videbitur.
2215 1260 2217 1262 ·
2232 1267 2287 1276 —
2318 1241 2433 1285 Reli-

345 1328 475 1371 quum
505 1320 580 1368 est,
619 1321 668 1358 ut
695 1328 805 1374 quae
833 1315 931 1358 huic
959 1316 1102 1373 generi
1130 1314 1346 1359 subiectae
1366 1317 1459 1359 »sint
1487 1315 1659 1370 formae,
1689 1317 1833 1375 paucis
1865 1314 2246 1374 comprehendam,
2272 1317 2316 1358 in
2346 1329 2432 1374 quo

341 1387 448 1429 illud
475 1400 555 1430 nos
585 1390 720 1430 statim
751 1388 937 1442 advertit,
973 1387 1092 1446 quod
1122 1388 1326 1445 quicquid
1357 1388 1595 1447 discrepant
1623 1392 1850 1446 scriptores
1880 1392 1923 1432 iu
1953 1405 2000 1433 re
2031 1389 2320 1442 describenda,
2352 1403 2433 1431 una

343 1460 573 1518 eademque
617 1462 706 1505 fere
750 1476 895 1506 omnes
940 1463 1114 1505 utuntur
1158 1461 1366 1520 partiendi
1398 1464 1590 1514 ratione,
1608 1464 1689 1503 ..ita
1736 1469 1873 1504 tamen
1914 1470 1962 1504 ut
2003 1477 2092 1504 non
2129 1462 2242 1518 apud
2283 1476 2430 1504 omnes

341 1534 451 1575 idem
481 1537 543 1575 sit·
557 1538 747 1588 partium:
767 1549 977 1579 numerus.
1018 1535 1120 1577 Alii
1156 1537 1265 1577 enim
1302 1534 1403 1586 dub,
1429 1536 1752 1590 salii.:quattuor,
1789 1535 1859 1576 'alii
1898 1538 2097 1590 quinque,
2134 1535 2204 1577 alii
2234 1550 2320 1587 sex,
2358 1535 2432 1577 alii

342 1611 501 1661 septem
529 1612 749 1648 recensent
776 1605 941 1648 modos.
1000 1606 1183 1650 Primum
1211 1618 1341 1661 genus
1371 1605 1477 1647 illud
1506 1613 1582 1656 est,
1612 1619 1699 1661 quo
1722 1619 1800 1661 per
1819 1605 1874 1654 id,
1906 1605 2025 1660 quod
2049 1609 2296 1658 continetur,
2325 1608 2433 1651 illud

342 1677 617 1735 significatur,
653 1677 772 1733 quod
810 1679 1014 1728 continet;
1051 1676 1171 1734 quod
1207 1691 1336 1734 genus
1375 1676 1626 1720 describitur
1663 1678 1717 1721 ab
1756 1685 1929 1721 auctore
1967 1677 2059 1721 libr.
2091 1678 2145 1722 ad
2175 1679 2359 1722 Herenn.
2393 1680 2432 1732 ti,

342 1753 413 1803 32,
431 1750 499 1803 43,
537 1750 823 1807 Quinctiliano
856 1754 895 1802 8,
912 1752 950 1803 6,
969 1750 1037 1792 24.
1057 1753 1125 1801 25,
1163 1749 1357 1793 Char-isio
1394 1765 1435 1806 p.
1454 1751 1534 1792 162
1562 1751 1609 1792 L-.
1641 1750 1780 1807 p.244
1803 1752 1859 1802 P.,
1904 1751 2114 1795 Diomede
2152 1768 2195 1810 p.
2210 1752 2308 1805 452,
2337 1753 2433 1796 Do-

341 1833 440 1869 nato
471 1840 511 1882 p.
524 1826 578 1869 33
605 1825 653 1868 L.
683 1839 724 1882 p.
743 1825 851 1872 1776
879 1823 938 1877 P„
984 1822 1167 1868 Claudio
1213 1822 1444 1868 Sacerdote
1485 1825 1521 1877 1,
1542 1824 1624 1871 175
1656 1840 1696 1881 p.
1714 1823 1781 1877 43,
1828 1826 1955 1868 Festo
1993 1827 2135 1882 p.170
2156 1827 2217 1879 L,
2263 1826 2429 1871 Isidoro

340 1898 458 1954 Orig.
495 1900 530 1950 1,
549 1898 617 1950 36,
634 1899 659 1940 8
677 1914 718 1955 p.
737 1898 804 1941 56.
825 1898 885 1949 L,
925 1896 1172 1941 Cocondrio
1203 1896 1354 1964 p.78·6.
1413 1896 1602 1940 Alterum
1640 1905 1714 1949 est,
1753 1912 1840 1954 quo
1877 1913 1955 1955 per
1984 1898 2040 1950 id,
2079 1899 2198 1955 quod
2229 1902 2428 1951 continet,

338 1970 445 2014 illud
474 1971 741 2028 significatur,
771 1969 889 2028 quod
919 1972 1167 2022 continetur,
1199 1969 1318 2025 quod
1347 1968 1402 2012 ab
1432 1968 1578 2012 iisdem
1602 1970 1850 2030 auctoribus
1870 1979 2036 2027 praeter
2057 1971 2292 2016 Charisium
2313 1989 2431 2016 com-

338 2051 601 2088 memoratur.
662 2045 807 2086 Tertio
844 2057 922 2098 per
957 2045 1215 2084 inventorem
1251 2041 1297 2083 id
1333 2042 1600 2098 significatur,
1639 2042 1757 2097 quod
1794 2046 2008 2087 inventum
2046 2052 2121 2098 est,
2158 2046 2279 2102 quod
2313 2061 2428 2090 com-

338 2117 534 2161 mendant
577 2121 725 2158 auctor
767 2113 971 2158 librorum
1015 2112 1069 2156 ad
1108 2113 1291 2156 Herenn.
1331 2113 1358 2155 1.
1391 2128 1438 2166 c.,
1479 2113 1687 2166 DonatuS,
1733 2114 1956 2168 Sacerdos,
2000 2117 2202 2169 Isidorus,
2247 2119 2427 2176 Trypho

338 2206 378 2245 p.
389 2191 487 2239 739,
525 2187 805 2230 Cocondrius.
866 2186 952 2230 Cui
989 2188 1231 2242 oppositum
1269 2194 1332 2227 est
1369 2193 1575 2241 quartum,
1611 2201 1699 2242 quo
1737 2201 1815 2243 per
1851 2187 1907 2238 id,
1947 2189 2065 2243 quod
2100 2192 2315 2232 inventum
2351 2200 2426 2243 est,

339 2262 594 2319 significatur
623 2265 833 2311 inventor3
864 2259 984 2317 quod
1014 2259 1069 2302 ab
1098 2258 1244 2302 iisdem
1274 2268 1621 2302 commemoratur
1650 2268 1815 2315 praeter
1839 2262 2124 2314 Sacerdotem,
2156 2264 2271 2319 apud
2301 2280 2427 2320 quem

339 2337 429 2380 eius
458 2336 521 2380 rei
548 2335 748 2379 memoria
777 2348 879 2378 casu
909 2331 1111 2378 excidisse
1140 2330 1317 2377 videtur.
1373 2331 1461 2378 Sed
1490 2340 1712 2390 utrumque
1741 2333 1846 2378 illud
1875 2351 2005 2392 genus
2035 2335 2217 2389 fuerunt,
2249 2340 2324 2393 qui
2354 2339 2427 2382 ali-

339 2414 497 2465 quanto
528 2409 690 2451 auctius
721 2413 764 2450 et
790 2407 978 2451 ornatius
1007 2404 1264 2464 descriptum
1293 2412 1595 2464 expromerent,
1625 2405 1741 2450 velut
1761 2406 2069 2464 Quinctilianus
2099 2410 2138 2462 8,
2155 2408 2194 2463 6,
2212 2410 2289 2453 23:
2320 2407 2427 2455 haec

337 2482 605 2537 (μετωνυμῖα)
633 2485 808 2525 inventa
833 2471 891 2523 ab
921 2482 1141 2523 inventore
1172 2490 1216 2523 et
1242 2480 1435 2523 subiecta
1463 2480 1532 2522 ab.
1550 2480 1843 2524 obtinentibus
1874 2482 2089 2543 significat
2122 2491 2195 2534 —‘-‚
2232 2483 2352 2544 quod
2359 2483 2427 2544 fit

339 2565 452 2597 retro
489 2553 653 2596 durius.
717 2555 932 2597 Charisius
970 2554 997 2595 l.
1019 2569 1054 2595 c.
1094 2562 1136 2596 et
1164 2555 1393 2597 Diomedes
1429 2555 1456 2595 l.
1478 2569 1533 2595 c.:
1567 2570 1654 2612 per
1682 2559 1946 2598 inventorem
1975 2556 2319 2598 dominantemve
2349 2561 2423 2598 in-

338 2637 507 2672 ventum
536 2625 834 2678 subiectumve,
863 2633 921 2670 et:
946 2643 1033 2687 per
1059 2628 1278 2672 inventum
1303 2625 1583 2671 subies-tumve
1610 2629 1875 2672 inventor-em
1899 2626 2259 2673 dominantemve.
2314 2629 2425 2686 Qui-

338 2701 517 2746 buscum
554 2699 854 2759 coniungenda,
894 2714 1004 2758 quae
1042 2706 1139 2747 sunt
1161 2700 1292 2760 ,apud
1314 2698 1601 2757 Cocondrium
1631 2715 1670 2757 p.
1683 2700 1786 2746 786:
1828 2697 1906 2743 αἶπδ
1931 2698 2000 2743 τοῦ
2024 2697 2258 2759 κυριεύοντος
2285 2700 2329 2748 τὲ
2352 2723 2425 2749 κυ-

337 2774 567 2830 ριευόμενον,
609 2782 650 2818 et
689 2774 801 2831 apud
841 2774 1172 2829 Quinctilianum
1210 2778 1250 2827 8,
1283 2776 1321 2827 6,
1347 2776 1421 2816 25:
1462 2788 1492 2815 a
1522 2787 1766 2831 possessore
1806 2772 1925 2833 quod
1955 2773 2212 2833 possidetur.
2282 2776 2423 2833 Quid?

339 2848 459 2903 quod
486 2863 540 2892 ne
570 2849 675 2892 illud
704 2848 872 2904 quidem
901 2848 1079 2890 alienum
1109 2855 1184 2900 est,
1215 2848 1334 2904 quod
1363 2848 1574 2903 praecepit
1601 2847 1751 2887 Festus
1782 2846 1808 2887 l.
1830 2861 1884 2888 c.:
1915 2863 1945 2888 a
1974 2851 2196 2905 superiore
2220 2850 2417 2904 inferior,

338 2931 384 2964 ut
412 2923 599 2965 Ennius.-
631 2937 727 2965 cum
759 2936 916 2982 magno
945 2922 1124 2981 strepitu
1157 2920 1396 2965 Volcanum
1426 2928 1582 2961 ventus
1614 2929 1811 2978 vegerat.
1875 2919 1944 2963 Ab
1976 2920 2180 2977 infir-lom
2205 2924 2415 2982 superior,

339 3006 404 3038 ut.-
439 2997 654 3051 persuasit
675 2997 823 3039 animo
849 2998 1002 3041 vinum
1021 2992 1124 3038 deus
1151 2996 1230 3056 qui
1251 2994 1381 3038 multo
1404 3002 1471 3034 est
1493 2993 1730 3036 maximus.
1792 2994 1886 3037 Nec
1915 2994 2031 3047 illud,
2062 2994 2182 3052 quod
2213 3003 2278 3039 est
2307 2996 2417 3054 apud

340 3085 415 3113 scr.
445 3069 487 3128 l„
503 3068 558 3113 ad
586 3070 770 3112 Herenn.
787 3069 841 3122 -4,
873 3071 943 3122 32,
975 3069 1050 3113 43:
1087 3079 1178 3113 aut.
1194 3068 1252 3112 ab
1283 3071 1565 3111 instrumento
1595 3065 1833 3117 dominum,
1874 3079 1922 3111 ut
1948 3072 1988 3112 si
2025 3071 2122 3130 quis
2152 3069 2411 3113 Macedonas

338 3142 567 3203 appellarit
597 3142 677 3186 boc
706 3141 856 3187 modo-.-
880 3158 993 3189 παι,
1010 3154 1102 3201 tam
1125 3146 1211 3187 cito
1234 3143 1421 3185 -san'ssae
1457 3143 1644 3185 Graecia
1668 3144 1836 3200 potitae
1861 3153 1976 3186 sunt.
2041 3143 2241 3199 Quintum
2270 3154 2413 3195 genus,

341 3231 430 3274 quo.
458 3230 534 3274 per
557 3215 616 3269 id,
648 3213 765 3273 quod
795 3214 986 3267 efficitur,
1016 3215 1121 3263 illud
1152 3213 1416 3272 significatur,
1448 3213 1567 3270 quod
1597 3214 1739 3267 efficit,
1770 3214 1887 3260 adest
1918 3216 2030 3272 apud
2050 3218 2292 3269 scriptorem
2311 3211 2338 3255 1.
2359 3212 2414 3256 ad

2007 3292 2039 3329 C
