2757 3701
1345 250 1417 298 21⁴

433 429 504 483 εὖ)
530 426 749 482 vocabula,
789 428 906 485 quae'
934 426 1139 484 ριοριίι,
1130 432 1269 470 sunt
1279 428 1324 470 in
1351 425 1493 480 rebus,
1531 441 1640 484 quae
1675 435 1773 471 sunt
1806 430 1850 471 in
1877 443 2018 473 rerum
2046 435 2209 482 natura,
2247 430 2420 473 transie-

352 539 357 544 .
409 540 414 544 .
532 509 680 546 mntur
707 503 753 545 in
780 508 861 555 res,
892 506 1026 561 quae
1034 501 1290 558 cogitatione
1312 500 1493 544 humana
1520 501 1772 551 fumantum

389 611 394 615 ,
453 573 500 630 4)
519 574 750 628 vocabula,
768 588 890 631 quae
909 574 1085 631 propria
1109 577 1227 617 sunt
1232 575 1288 616 in
1296 576 1425 617 certis
1449 572 1714 631 quibusdam
1735 571 1885 625 rebus,-
1909 586 2023 628 quae
2044 574 2256 619 homimm
2287 589 2420 632 opera

440 673 461 689 -,
479 648 675 694 ..factae
671 653 819 705 sunt„
828 646 1134 707 transferuntur
1161 646 1209 689 in
1218 645 1353 689 'alias
1365 661 1434 705 nes
1464 645 1651 689 eiusdem
1671 646 1860 702 ·generis;

407 726 417 746 ⁸
453 720 517 775 5)
526 695 750 775 wmbula,
776 733 908 776 qnae
917 731 1110 777 proprus·
1105 719 1256 762 sumt)
1242 732 1298 761 ιιι
1296 694 1457 772 rebus,
1484 732 1592 775 quae
1610 718 1830 762 hominum
1843 730 1976 774 opera
1995 682 2130 760 factae
2150 724 2259 769 sunt,
2287 725 2418 762 trans-

446 794 452 799 '
530 790 721 834 feruntur
747 793 793 834 in
819 805 907 845 res,
930 805 1056 850 quae
1062 797 1190 835 ¹¹sunt
1198 792 1262 834 in
1270 802 1411 834 remm
1440 792 1607 842 natura3
1899 831 1902 833 ,

433 864 507 919 -6).·
529 863 755 917 vocabula,
777 878 886 921 quae
905 866 1079 924 propria
1097 870 1196 908 sunt
1220 863 1429 917 inirebus,
1447 878 1569 921 *quae
1587 826 1954 921 hominumopera
1982 863 2117 907 factae
2137 869 2258 914 sunt,
2288 869 2421 905 trans-

527 938 717 982 ferimtur
744 940 789 981 in
817 953 898 993 res,
930 947 1041 996 quae
1070 939 1322 1001 cogitatione
1351 938 1529 983 humana
1549 938 1820 988 sommum.
1845 976 1847 978 .
1896 940 1899 943 ’

451 1012 505 1067 7)·
527 1010 747 1064 vocabula,
795 1026 904 1068 quae
941 1013 1115 1069 propria
1151 1019 1259 1056 sunt.
1287 1014 1333 1056 in
1370 1014 1501 1055 certis
1536 1010 1789 1068 quibusdam
1822 1008 1985 1061 rebus,
2013 1023 2123 1066 quae
2165 1010 2421 1067 cogitatione

528 1088 688 1126 tantum
715 1084 894 1127 humana
907 1119 908 1123 ¹
922 1085 1164 1138 formantur,
1194 1087 1239 1128 in
1268 1085 1368 1129 alias
1399 1084 1587 1128 eiusdem
1616 1085 1778 1142 generis
1807 1097 1876 1125 res
1904 1082 2228 1141 transferuntun
2270 1110 2273 1112 -

452 1157 501 1210 8)
530 1152 751 1206 vocabula,
793 1168 908 1209 quae
939 1159 1115 1211 propria
1150 1164 1247 1200 sunt
1283 1160 1328 1201 in
1355 1157 1498 1211 rebus,
1533 1171 1641 1215 quae
1672 1157 1925 1214 cogitatione
1960 1155 2141 1199 humana
2176 1155 2422 1206 formantur,

528 1229 573 1269 in
601 1241 682 1279 res,
712 1240 823 1283 quae
853 1233 951 1269 sunt
978 1229 1022 1270 in
1050 1241 1190 1270 rerum
1217 1235 1378 1281 natura,
1406 1230 1736 1279 transferuntun—

453 1302 501 1355 9)
530 1299 752 1352 vocabula,
791 1313 908 1356 quae
928 1302 1103 1356 propria
1138 1307 1236 1344 sunt
1270 1302 1314 1344 in
1330 1342 1333 1344 .
1350 1300 1493 1354 rebus,
1537 1315 1647 1357 quae
1685 1302 1938 1357 cogitatione
1973 1300 2152 1343 humana
2181 1300 2423 1350 formantur,

529 1374 574 1415 in
602 1387 683 1425 res,
711 1387 821 1429 quae
849 1372 1062 1415 hominum
1092 1386 1225 1427 opera
1253 1374 1392 1417 factae
1415 1381 1524 1425 sunt,
1553 1374 1867 1419 uanssenmtur.
1980 1416 1983 1419 Α

332 1446 385 1489 Et
413 1445 476 1488 his
507 1442 675 1501 quidem
703 1444 811 1488 locis
842 1458 951 1501 quae
981 1446 1274 1488 contineantur
1302 1452 1454 1502 partes,
1483 1459 1579 1488 mox
1608 1445 1683 1487 ubi
1714 1445 1768 1487 de
1797 1445 1969 1500 singulis
2000 1448 2078 1487 erit
2105 1444 2422 1500 dispiciendum,

331 1517 504 1562 uberius
546 1516 877 1574 explanabimus;
921 1516 1028 1561 illud
1072 1532 1176 1561 vero
1222 1517 1306 1561 hoc
1321 1522 1324 1526 “
1340 1520 1436 1575 ipso
1473 1517 1574 1561 loco
1610 1514 2021 1574 praetermittendum
2058 1530 2147 1559 non
2182 1523 2258 1569 est,
2298 1515 2419 1572 quod

334 1595 585 1646 quamquam
613 1590 658 1631 in
685 1587 925 1631 nominibus
954 1588 1222 1632 substantivis
1251 1591 1428 1630 maxima
1456 1590 1640 1631 cernitur
1666 1588 1948 1630 translationis
1975 1589 2041 1629 vis
2070 1595 2113 1629 et
2139 1595 2339 1643 potestas,
2376 1590 2420 1631 in

333 1661 506 1718 reliquis
536 1668 684 1713 tamen,
714 1662 758 1703 in
787 1674 910 1722 quaei
927 1658 1038 1703 cadit
1065 1659 1149 1712 illa,
1178 1658 1485 1704 vocabulorum
1503 1658 1726 1718 generibus
1749 1674 1876 1716 saepe
1895 1658 2119 1716 plurimum
2142 1665 2185 1701 et
2205 1660 2298 1715 ipsa
2320 1674 2423 1703 con-

334 1734 415 1778 fert
444 1733 498 1777 ad
527 1734 876 1791 perspicuitatem,
914 1731 1163 1791 dignitatem,
1201 1731 1471 1789 splendorem
1506 1734 1717 1776 orationis.
1779 1731 2000 1790 Quadrant
2027 1732 2132 1776 haec
2160 1731 2422 1789 potissimum

334 1810 379 1850 in
406 1807 568 1859 verba,
588 1819 697 1863 quae
728 1819 858 1861 quum
888 1811 959 1847 aut
988 1807 1195 1847 actionem
1224 1812 1297 1848 aut
1324 1808 1562 1863 passionem
1591 1805 1818 1864 designent,
1848 1807 1884 1849 si
1914 1804 2152 1863 diligentius
2182 1804 2425 1848 considera-

334 1883 455 1932 veriS,
485 1882 710 1931 hominum,
729 1878 968 1929 bestiarum,
997 1892 1224 1934 rerumque
1252 1881 1388 1921 anima
1416 1882 1642 1922 carentium
1672 1881 1843 1922 omnino
1873 1880 2100 1936 propriam,
2130 1877 2207 1920 ubi
2236 1882 2423 1920 sermoni

333 1955 669 2010 interponuntur,
708 1954 796 1999 sive,
832 1951 1010 1999 hominis
1035 1952 1136 1998 ,sive
1170 1950 1399 1996 bestiarum
1436 1953 1525 1996 sive
1560 1964 1712 2005 rerum,
1750 1967 1928 2008 quarum
1956 1955 2053 1994 sunt
2080 1953 2264 2008 propria,
2300 1954 2423 2008 quasi

335 2028 891 2084 imaginemfrepraesentant
919 2029 962 2066 et
991 2022 1049 2066 ob
1080 2023 1231 2067 oculos
1259 2030 1438 2080 ponunt.

1207 2176 1432 2227 CAPUT
1471 2177 1539 2225 ΙΙ.

689 2292 893 2322 vnrnmm
922 2289 1194 2322 scnwromm
1222 2291 1280 2322 DE
1311 2291 1674 2322 TRANSLATIONUM
1700 2292 1781 2322 Usu
1811 2291 2065 2322 PRAECEPTA.

441 2433 444 2435 .
535 2388 603 2430 De
640 2387 956 2430 translationum
991 2401 1072 2429 usu
1108 2386 1224 2443 apud
1252 2394 1417 2431 veteres
1454 2390 1552 2430 artis
1581 2388 1814 2431 rhetoricae
1844 2389 2072 2444 scriptores
2101 2401 2318 2444 perpauca
2353 2404 2424 2432 ex-

335 2467 445 2503 stant
473 2464 722 2518 praecepta;j
760 2462 917 2518 quippe
954 2473 1085 2516 quum
1123 2462 1257 2505 omnis
1294 2460 1605 2519 propemodum
1642 2460 1806 2506 illarum
1844 2462 1969 2505 ratio·
1991 2460 2047 2505 ad
2076 2462 2426 2506 consuetudinem

335 2535 548 2578 hominurn
583 2534 954 2578 eruditissimorum
990 2539 1084 2575 tuto
1120 2534 1269 2578 referri
1301 2537 1579 2592 revocarique
1615 2542 1773 2592 posset,
1811 2534 1915 2591 quid
1950 2549 2060 2592 opus
2098 2542 2185 2578 erat
2219 2535 2344 2591 longa
2383 2542 2426 2577 et

337 2607 553 2652 ambitiosa
590 2605 807 2650 doctrinae
843 2606 1143 2664 explicatione?
1200 2608 1266 2651 Ac
1303 2608 1498 2666 profecto
1530 2608 1733 2665 quicquid
1761 2608 1974 2651 vitandum
2009 2615 2106 2659 erat,
2136 2621 2191 2650 ne
2224 2608 2426 2651 translata

338 2683 473 2725 oratio
504 2694 592 2725 non
620 2681 854 2737 perspicua,
883 2693 973 2724 non
994 2686 1154 2733 ornata,
1181 2695 1273 2726 non
1293 2688 1388 2738 apta
1406 2680 1540 2734 fieret,
1570 2684 1715 2738 paucis
1734 2680 1887 2723 licebat
1907 2679 2275 2736 comprehendere.
2316 2681 2426 2724 Nam

335 2757 514 2809 primum
545 2769 673 2809 quum
704 2755 836 2795 omnis
866 2753 1184 2797 translationum
1211 2757 1343 2799 virtus
1371 2753 1585 2799 videretur
1612 2755 1718 2794 verti
1755 2755 1799 2793 in
1833 2767 1974 2795 rerum
2004 2761 2339 2808 compar-aterum
2370 2759 2425 2797 si-

334 2825 578 2881 militudine,
618 2827 854 2872 necessario
883 2826 1226 2884 praecipiendum
1256 2835 1356 2881 erat,
1385 2825 1428 2871 id
1457 2824 1575 2882 quod
1603 2824 1759 2869 factum
1796 2840 1889 2870 esse
1925 2824 2117 2871 videmus
2156 2843 2182 2872 a
2215 2828 2426 2872 Cicerone

337 2897 391 2944 de
436 2905 540 2942 orat.
577 2900 618 2953 3,
643 2898 712 2953 40,
742 2900 837 2953 162,
873 2913 899 2942 a
936 2899 1225 2956 Quinctiliano
1264 2903 1305 2954 8,
1329 2901 1367 2953 6,
1394 2899 1460 2950 16,
1497 2911 1522 2940 a
1555 2896 1772 2943 Demetrio
1809 2895 1893 2958 περὶ
1934 2898 2130 2957 ἑρμηνείας
2167 2915 2202 2944 c.
2221 2901 2277 2947 78
2308 2915 2351 2958 p.
2370 2902 2425 2945 38

339 2971 403 3015 ed.
431 2972 578 3023 Walz,
624 2980 951 3030 quantopere
991 2973 1239 3030 fugienda
1279 2978 1417 3018 esset
1463 2970 1849 3015 dissimilitudo.
1917 2972 2087 3016 Deinde
2127 2987 2182 3016 ne
2222 2978 2425 3017 sermonis

336 3046 622 3104 perspicuitati
652 3044 823 3091 obesset
852 3045 1079 3099 translatio,
1115 3045 1223 3091 illud
1260 3036 1490 3090 cavendum
1525 3052 1627 3099 erat,
1663 3061 1726 3090 ne
1762 3045 1920 3104 longe
1957 3046 2125 3091 simile
2155 3047 2420 3091 videretur

341 3133 455 3167 esse
483 3116 711 3172 ductum,
749 3133 856 3164 neve
893 3117 1042 3165 durior
1078 3118 1138 3166 ob
1179 3135 1268 3165 eam
1302 3133 1390 3162 rem
1426 3117 1653 3164 haberetur
1689 3118 1919 3166 translatio.
1976 3120 2076 3166 Hoc
2108 3136 2238 3180 genus
2265 3120 2424 3164 notavit

339 3196 420 3238 iam
440 3191 684 3238 Aristoteles
713 3192 836 3236 Rhet.
862 3194 905 3247 3,
924 3195 951 3237 3
973 3208 1014 3252 p.
1030 3193 1157 3240 1406.
1173 3193 1214 3238 b.
1229 3196 1275 3238 8:
1305 3191 1485 3255 σίπειφεῒς
1510 3191 1554 3240 δὲ
1578 3192 1642 3251 (αἱ
1665 3193 1937 3256 μεταφοραί),
1962 3188 2011 3243 ἂν
2035 3192 2225 3254 vappam
2266 3192 2423 3237 Deme-
